2774 5122
412 576 439 637 Ε
468 573 681 694 mantuani
708 582 912 656 flls'rolul.
1068 544 1072 553 ⁵
1108 564 1197 672 381,

110 719 149 783 δέ
171 741 252 797 τινες
271 723 328 786 τοῦ
350 718 453 808 φάλου
473 724 508 792 τό
531 727 610 794 κατά
635 733 722 818 σφάς
742 733 860 813 αέτοός
877 737 1112 824 ἀναφανέντος,
1134 739 1322 823 osismos

107 811 194 883 εἶναι
212 816 319 904 ἐλεγονΙ
336 825 399 887 ταῖν
418 826 577 894 α’παισίων
595 830 763 917 ἐλατῆρας,
792 834 896 918 άγχοῦ
914 828 1014 922 ῆλθον
1036 845 1098 907 τῶν
1118 837 1294 929 περίῖῡᾱχῖ,

107 916 315 1001 Ζῆμαρχον.’
339 919 395 987 καί
411 926 516 990 τοίνυν
536 922 661 1018 άπαντα
683 926 743 996 ὅσα
764 934 953 1020 ἐπεφέροντο
974 943 1093 1025 φορτία
1114 907 1324 1028 dod-gaunt

104 1040 212 1097 μενοι,
236 1015 353 1086 ἔθεσαν
372 1024 406 1087 ἐν
436 1025 535 1113 μέσφ.
575 1023 642 1093 εἶτα
661 1040 727 1106 τοῖς
746 1036 804 1097 τοῦ
823 1032 954 1115 λιβάνου
975 1037 1101 1116 κλάδοις
1121 1045 1186 1128 πῦρ

84 1112 297 1209 ὅάνάψαντες,
317 1122 356 1208 τῇ
368 1125 510 1211 Σκυθικῇ
523 1128 615 1214 φωνῇ
627 1127 778 1216 βάρβαρα
793 1125 871 1196 άττα
885 1132 1014 1218 ῥῆματα
1034 1136 1194 1220 ῦπεψιθῦ·

104 1215 206 1298 ριζον,
228 1218 495 1303 ἐπιπαταγοῦντες
516 1226 551 1288 δὲ
573 1223 702 1292 κοόδιονί
723 1254 788 1294 τινι
808 1230 864 1295 καί
881 1229 1031 1322 τυμπάνῳ
1052 1232 1192 1321 ὕπερθεν

103 1319 162 1379 τοῦ
185 1312 307 1402 φόρτου
335 1323 526 1408 περιέφερον
556 1322 593 1389 τό
623 1331 788 1412 φυλλῦδες
808 1335 866 1394 τοῦ
884 1329 1015 1414 λιβάνου
1038 1337 1077 1422 τῆ
1098 1340 1193 1422 φλογί

101 1411 318 1498 λακιζόμενον,
339 1418 395 1484 καί
415 1415 484 1502 άμα
501 1420 662 1506 γινόμενοι
674 1424 845 1509 μανιάδεις
865 1434 922 1494 καί
941 1430 1194 1516 ἐμβριμοάμενοιΙ

98 1511 141 1576 τά
160 1511 282 1601 πονηρά
303 1516 493 1584 άπελαόνειν
513 1518 660 1589 ἐδόκουν·
700 1520 781 1592 οὕτω
802 1530 862 1613 γάρ
885 1528 1098 1616 α’ποτρόπαιοί
1108 1557 1189 1610 τινες

56 1606 180 1677 ιοείναι
199 1615 255 1677 καί
274 1613 452 1694 άλεξίκακοο
480 1617 621 1688 ἐδόκουν.
670 1623 1024 1711 άποδιοπομπησάμενοι
1043 1627 1090 1715 ζδῆ
1112 1622 1186 1712 οῦν,

99 1706 144 1784 οῦς
165 1703 277 1809 ιῆοντο,
301 1713 341 1779 τά
366 1718 526 1806 δυσχερῆ,
556 1720 733 1808 Ζῆμαρχόν
762 1749 797 1790 τε
817 1724 917 1792 αὐτόν
944 1729 987 1790 δι’
1008 1723 1105 1814 αῦτῆς
1124 1756 1186 1795 πα-

97 1805 236 1894 ρήγαγον
265 1815 321 1896 τῆς
354 1813 486 1901 φλογός·
528 1811 593 1891 οἶδέ
613 1845 646 1886 τε
678 1820 789 1903 ἔδοξαν
807 1827 863 1890 καί
881 1828 967 1912 σφοῖς
991 1826 1185 1914 άφαγνίζειν.

95 1908 220 1974 τοῦτον
249 1914 285 1974 δέ
313 1911 412 2003 ταῦτη
433 1921 669 2003 γεγενημένων,
697 1919 808 1989 ἔπειτα
837 1923 1021 2008 ἐπορεύοντο
1042 1924 1099 2005 ξῦν
1120 1937 1185 2006 τοῖς

94 2010 127 2084 ἐς
147 2006 184 2072 τό
204 2006 322 2075 τοιόνδε
342 2017 557 2098 τεταγμένοις,
580 2018 632 2083 ἵνα
653 2018 669 2085 ὅ
693 2018 842 2106 Χαγάνος
864 2019 959 2101 αῦτός
981 2015 1033 2107 ῆν,
1055 2017 1205 2110 ἐντῦρειῦ

51 2105 157 2174 ι5τινί
174 2113 327 2201 λεγομένῳ
345 2112 474 2197 Ἕκτάγ,
494 2115 539 2191 οἷς
560 2111 600 2184 dv
611 2117 694 2185 εἴποι
712 2125 856 2205 χρυσοῦν
877 2113 947 2209 ῦρος
959 2119 1071 2207 Ἕλλην
1091 2120 1183 2211 α’νῆρ.

90 2205 147 2270 καί
167 2209 274 2273 τοίνυν
294 2209 397 2275 αὐτοῦ
418 2209 627 2299 άφικόμενοι,
654 2215 714 2303 άπη
734 2223 906 2303 τηνικαῦτα
925 2224 970 2310 τῷ
992 2221 1181 2311 Διζαβοάλφ

88 2299 173 2390 ῆσαν
197 2306 232 2373 αι’
254 2310 439 2395 διατριβαί,
470 2312 550 2378 κατά
572 2315 612 2400 δῆ
634 2315 766 2382 κοιλάδα
788 2316 858 2384 τινά
882 2324 942 2383 τοῦ
963 2342 1182 2405 προσαγορευ-

89 2407 205 2486 ομένου
233 2413 361 2492 χρυσοῦ
389 2401 493 2495 ῦροος
542 2414 615 2480 ἐπεί
637 2409 696 2480 σάν
732 2414 861 2501 οἱπερὶ
884 2416 1060 2503 Ζῆμαρχον
1080 2418 1181 2484 ἐκεῖσε

88 2504 268 2590 ἐφοίτησαν,
288 2509 476 2597 μετάκλητοι
495 2511 656 2597 γενόμενοι
676 2519 873 2601 παραχρῆμα
896 2521 954 2581 τοῦ
975 2513 1177 2598 Διζαβοάλου

44 2597 190 2687 αοῆλθον
211 2608 244 2682 ἐς
265 2600 350 2690 ῦψιν.
374 2603 414 2695 ῆν
433 2614 469 2676 δὲ
490 2606 555 2699 άρα
578 2611 668 2680 ἔνδον
686 2620 816 2700 σκηνῆς,
839 2618 979 2700 καθῆστο

86 2699 205 2788 πρόχου
224 2711 385 2794 καθέδρας
402 2715 548 2796 χρυσῆς,
571 2707 753 2798 ἑλκομένης,
776 2710 905 2798 ὁπηνίκα
933 2712 1015 2796 ἔδει,
1045 2715 1101 2800 ὑφ’
1122 2717 1266 2785 irs-vase

85 2827 148 2866 που
169 2799 247 2882 ἑνός.
287 2807 510 2892 προσειπόντες
528 2814 573 2876 .δέ
599 2811 652 2878 τὸν
671 2811 854 2899 βάρβαρον,
876 2813 919 2890 ὥς
939 2812 1013 2889 ἔθος
1036 2816 1166 2896 αάτοῖς,

81 2901 123 2969 τά
145 2906 234 2990 δῦρα
263 2912 458 2993 προΐσχοντο.
501 2910 557 2977 καί
583 2916 689 2979 τοίνυν
709 2908 758 2991 οἷς
778 2938 813 2997 γε
841 2916 933 2979 τοῦτο
954 2911 989 2977 ἐν
1011 2912 1173 3001 φροντίσιν

150 3042 177 3078 α.
196 3025 342 3082 ἀπαισίων
358 3028 389 3080 Ν.
399 3069 408 3094 ,
426 3027 576 3086 «insuetur
592 3032 662 3101 vulg.
769 3034 784 3086 3
802 3062 838 3074 -
859 3033 882 3086 5.
901 3031 991 3084 Verba
1009 3031 1167 3102 ἐπεφέρον-

151 3111 184 3148 το
204 3099 397 3167 -βάρβαροι,
421 3117 491 3171 quae
514 3103 544 3152 in
569 3103 625 3154 Eci.
653 3103 831 3165 exciderunt,
849 3121 882 3154 ex
901 3101 985 3154 Suida
1011 3117 1030 3151 s.
1052 3118 1076 3152 s.
1096 3119 1171 3171 φορ-

151 3169 199 3219 τία
223 3171 345 3221 restitnit
368 3171 492 3238 Toupius
513 3172 533 3223 1.
549 3189 577 3242 p.
597 3176 656 3229 552.
676 3173 731 3245 (ed.
758 3173 804 3237 L.)
823 3172 859 3224 N.
930 3174 953 3225 5.
987 3170 1072 3224 ἐάττα
1096 3172 1169 3242 vulg.

149 3238 227 3291 essm
247 3239 279 3292 ll.
297 3242 378 3293 Recte
390 3239 452 3291 Val.

76 3341 266 3410 ostenderent,
287 3345 316 3394 in
334 3359 382 3395 sus
401 3343 512 3413 regione
533 3343 598 3395 l‘erri
614 3341 723 3397 fodinas
739 3359 805 3396 esse.
840 3344 897 3397 Alii
913 3360 1023 3425 quoque
1041 3342 1167 3398 homines

77 3427 113 3463 ex
130 3412 225 3464 eudem
253 3423 333 3485 gente
358 3432 386 3467 se
413 3414 487 3483 ipsos
511 3424 607 3483 sponte
634 3414 840 3477 exhibuerunt,
867 3432 937 3486 qsros
959 3413 1088 3466 dicebant
1106 3432 1165 3468 esse

75 3497 249 3536 averruncos.
285 3486 320 3537 lli
340 3502 400 3536 cum
423 3484 458 3536 ad
477 3485 651 3536 Zemarchum
674 3486 863 3549 accessissent,
883 3485 995 3537 sarcinis
1012 3485 1164 3553 depositis,

75 3550 167 3605 thuris
194 3555 260 3607 iolla
280 3553 483 3615 incenderunt,
503 3555 684 3626 Scythicaque
701 3556 796 3626 lingua
815 3558 909 3608 neseio
928 3571 997 3628 quae
1016 3555 1099 3606 verba
1118 3573 1164 3607 su·

75 3635 234 3685 surrarunt.
251 3634 280 3678 et
303 3625 498 3678 tintinnabulis
518 3634 600 3696 atque
620 3629 755 3696 tympanis
775 3636 941 3690 resonantes,
960 3625 1057 3678 lolium
1072 3625 1161 3678 thuris

73 3694 141 3760 igne
162 3712 223 3747 cum
241 3698 358 3766 strepitu
381 3698 527 3750 laceratum
549 3696 792 3760 circumferebant,
816 3704 845 3749 et
859 3698 953 3750 surore
980 3698 1079 3766 perciti
1104 3696 1160 3747 ire-

73 3771 257 3835 menlesque,
275 3768 420 3820 daemones
441 3767 580 3836 depellere
598 3767 686 3821 videri
702 3767 840 3820 volebant.
875 3768 994 3820 Adversa
1013 3768 1111 3837 igitur,
1129 3772 1161 3816 ut

74 3836 285 3898 existimabant,
311 3838 367 3889 alic
391 3838 527 3901 aversuri,
551 3837 725 3890 Zemsrclrum
749 3840 837 3906 ipsum
856 3855 905 3907 per
922 3839 1054 3890 flammam
1073 3834 1161 3886 duxe-

72 3913 156 3969 ruut,
174 3926 229 3978 quo
248 3909 304 3960 ritu
321 3925 350 3959 se
366 3909 441 3981 ¹ipsos
453 3925 561 3978 quoque
574 3909 701 3961 lustrasse
718 3908 773 3961 sibi
782 3909 953 3962 videbantur.
973 3908 1021 3960 ilis
1039 3907 1077 3956 ita
1093 3920 1160 3956 con·

71 3974 171 4038 fectis,
191 3977 390 4030 deducentibus
416 3979 516 4048 quibus
534 3978 586 4030 boc
604 3995 703 4032 munus
722 3978 914 4042 incumbebat,
934 3978 968 4031 ad
986 3978 1091 4036 locum,
1109 3974 1160 4028 uhi

71 4055 133 4098 eras
151 4046 302 4117 Cbaganus,
321 4048 350 4100 in
368 4058 469 4112 monte,
490 4052 539 4118 qui
560 4058 673 4102 vocatur
690 4050 763 4117 apud
780 4051 853 4118 ipsos
865 4051 957 4117 Ectag,
975 4054 1094 4098 montem
1109 4060 1160 4094 su-

70 4132 149 4169 reum
161 4119 400 4189 diceres.prolecti
411 4127 482 4174 suut.
504 4121 536 4171 ln
553 4119 634 4173 huius
647 4120 769 4172 convalle
788 4130 845 4172 tum
863 4119 991 4187 temporis
1010 4113 1158 4168 eratDisa-

70 4186 133 4239 buli
154 4189 333 4243 domicilium.
350 4190 421 4243 llluc
438 4208 499 4241 cum
517 4193 665 4254 venisseut,
677 4193 767 4244 vocati
783 4193 871 4243 statim
890 4189 925 4239 ad
935 4187 1091 4256 Chaganum
1109 4200 1155 4235 ac-

71 4268 220 4311 cesserunt.
257 4262 282 4312 ls
303 4277 366 4312 vero
385 4263 457 4313 intra
474 4263 622 4312 tentorium
632 4279 711 4313 suum
729 4261 844 4314 sedebst
861 4261 889 4310 in
907 4259 975 4309 sella
994 4255 1099 4309 duabus
1111 4272 1155 4306 ro·

70 4330 109 4379 tis
127 4333 256 4393 suffulta,
274 4348 362 4401 quae,
382 4333 405 4384 si
425 4347 492 4399 opus
514 4341 596 4392 esset,
614 4350 670 4382 uuo
689 4350 760 4402 equo
780 4328 946 4383 trahebatur.
984 4328 1073 4394 Quem
1091 4341 1153 4375 curn

68 4400 245 4464 salutassent,
265 4419 393 4464 mamere,
420 4411 450 4453 ut
469 4418 525 4452 mos
545 4410 595 4460 est,
614 4403 805 4470 protulerunt.
823 4415 895 4469 quae
914 4398 953 4456 iri.
981 4397 1081 4468 qulbus
1100 4395 1153 4446 hoc

69 4470 230 4525 mandatum
250 4481 324 4538 erat,
350 4480 535 4544 susceperuut.
582 4473 654 4525 'l'um
681 4469 852 4524 Zemarcbus:
889 4468 991 4534 „Tibi,
1010 4467 1116 4539 iuquit,
1134 4484 1151 4519 ο
