2716 5078
99 134 103 180 s
138 121 221 181 un
571 115 626 175 na
651 110 797 176 ranno.
938 66 978 89 '⁷
1214 134 1277 156 ‚..,.

91 288 93 295 ’
140 294 209 336 cum
231 269 342 352 Vigilio
361 270 466 351 Papa,
498 269 551 350 qui
583 265 779 328 Chalcedone
800 264 1011 341 detinebatur,
1039 261 1078 326 de
1099 264 1221 347 negotio

81 438 82 441 ,
138 375 232 432 trium
243 368 445 452 capitulorum
456 377 569 450 ageret.
612 366 742 449 Vigilius
763 364 829 444 ubi,
851 385 929 447 quae
948 374 1021 424 tunc
1041 375 1107 425 acta
1129 373 1216 438 sunt,

138 482 254 547 narrat,
283 469 408 530 Petrum
428 467 637 542 exconsulem,
660 467 820 548 patricium
851 474 882 524 et
911 464 1088 546 magistrum
1108 473 1218 524 vocate

139 591 208 632 mox
236 569 427 651 magnificum
455 570 556 628 virum
586 578 616 627 et
635 565 888 626 referendarium:
912 564 965 645 qui
985 574 1058 623 tune
1080 561 1221 624 exconsul

62 728 63 731 ,
138 669 313 745 dicebatur,
334 679 400 729 erat
419 689 509 750 quern
529 668 697 747 Imperator
723 663 893 725 consulatus
917 661 1063 724 codicillis
1089 682 1221 724 ornave-

138 781 208 847 rat;
235 790 304 829 eum
335 779 438 850 postea
466 770 498 827 in
521 767 688 848 Byzantina
708 767 855 847 imperio,
882 765 927 824 rei
948 763 1094 846 dignitate
1112 763 1221 844 paula-

50 862 53 899 2
127 871 192 931 ‚tim
212 868 393 944 imminuta,
416 865 569 927 consulem
584 877 614 925 et
633 864 781 947 hypatum
802 863 954 924 dixerunt.
980 863 1093 924 Decem
1110 860 1222 923 deinde

40 1013 43 1048 4
137 967 223 1028 annis
242 969 423 1042 interiectis,
446 987 475 1026 a.
485 964 568 1041 562,
587 966 669 1046 pacis
686 965 840 1046 negotium
851 984 922 1022 cum
933 962 1033 1022 Persis
1044 963 1167 1039 iterum,
1183 983 1220 1022 ao

36 1104 38 1107 -
137 1066 270 1127 feliciore
290 1066 412 1148 quidem
428 1065 521 1142 exitu,
545 1067 694 1146 suscepit,
727 1065 924 1146 ignominiosa
944 1062 1078 1144 quidem,
1098 1061 1221 1143 sedpro

30 1165 33 1209 J
137 1164 285 1226 exhaustis
300 1166 419 1246 imperii
439 1164 555 1224 viribus
568 1165 747 1241 necessaria,
758 1183 832 1244 pace
845 1163 877 1221 in
890 1162 1113 1244 quinquaginta
1122 1181 1219 1221 annos
1243 1203 1245 1205 »

22 1296 23 1302 1
137 1266 361 1346 composita25).
384 1264 447 1324 Ubi
466 1285 562 1346 quum
577 1285 597 1323 a
615 1263 713 1346 legato
732 1262 854 1323 Persico
870 1283 960 1343 super
972 1262 1104 1339 Suania,
1125 1281 1220 1343 quam

17 1376 18 1379 ’
45 1437 50 1441 ἣ
134 1362 245 1423 Petrus
270 1363 445 1444 repetebat,
473 1363 573 1426 fallaci
594 1384 647 1444 spe
672 1365 845 1445 proposita,
868 1361 907 1422 ad
926 1382 1027 1445 regem
1053 1359 1221 1422 Chosroiim

10 1463 12 1491 ⁵
134 1464 263 1521 reiectus
283 1473 379 1538 esset,
404 1483 484 1522 anno
503 1464 639 1544 proximo
661 1461 743 1521 hunc
765 1461 859 1521 adiit:
881 1481 989 1520 verum
1006 1460 1135 1521 frustra..
1172 1459 1220 1527 Ea

138 1582 199 1642 qua
221 1560 368 1643 legatione
391 1562 569 1643 Byzantium
598 1583 750 1637 reversus,
770 1560 853 1620 haud
876 1558 973 1620 multo
992 1570 1060 1641 post
1073 1559 1152 1621 obiit
1159 1558 1220 1638 ²⁶),

135 1660 177 1720 28
196 1661 258 1722 sere
287 1664 374 1722 annis
398 1673 464 1743 post
481 1666 611 1745 primam
638 1644 818 1743 legationem
841 1659 996 1736 italicam,
1027 1658 1132 1720 relicto
1156 1658 1221 1727 lilio

135 1757 320 1836 Theodoro,
345 1763 398 1841 qui
421 1765 481 1821 iam
501 1783 530 1820 a.
559 1759 630 1822 565.
649 1760 826 1841 dignitatem
848 1760 941 1840 patris
953 1758 1129 1837 obtinebat;
1148 1780 1221 1820 mox

133 1878 234 1920 comes
257 1858 452 1941 largitionum
482 1859 597 1937 samus,
626 1871 716 1941 atque
747 1881 777 1918 a.
805 1857 877 1940 576.
911 1861 951 1919 ad
975 1858 1083 1945 Persas
1111 1859 1222 1921 missus

134 1969 180 2019 est
191 1960 239 2035 ²⁷).
280 1959 487 2021 Christianum
504 1961 593 2021 fuisse
609 1960 736 2021 Petrum
748 1958 842 2019 dubio
858 1970 960 2020 caret:
981 1960 1095 2041 quippe
1114 1959 1168 2040 qui
1188 1961 1223 2020 iu

131 2055 281 2139 legatione
297 2058 428 2119 *Persica
444 2070 480 2118 nt
495 2059 627 2122 natalem
654 2058 764 2119 Christi
795 2058 939 2135 Domini,
959 2057 1223 2140 Epiphaniamque

135 2155 320 2235 celebraret,
348 2157 516 2219 substiterit
534 2160 596 2235 ²⁸),
630 2168 720 2240 atque
747 2179 818 2218 eum
831 2156 944 2239 Vigilio
964 2158 1050 2240 Papa
1071 2157 1110 2221 de
1128 2157 1222 2218 rebus

133 2276 212 2337 quae
232 2257 270 2316 ad
294 2258 436 2338 dogmata
459 2261 611 2338 pertinent
644 2258 748 2339 egerit.
1138 2301 1140 2308 -
1213 2301 1215 2305 -

136 2408 138 2414 ,
217 2355 276 2415 Ηὶο
290 2355 400 2416 Petrus
420 2358 501 2416 inter
514 2351 642 2416 coaevos
661 2355 832 2417 incredibili
851 2356 983 2438 quadam
1006 2353 1109 2417 lloruit
1128 2355 1222 2417 laude

132 2463 163 2513 et
185 2454 298 2536 gloria:
317 2456 409 2528 cuius⁴
426 2457 469 2515 rei
495 2457 666 2515 testimonia
689 2455 768 2515 iufra
788 2459 886 2537 posui.
930 2456 1056 2516 Praeter
1075 2454 1223 2536 eloquen-

131 2557 225 2626 tiam,
254 2564 345 2635 atque
364 2556 486 2615 unicam
511 2557 544 2615 in
562 2555 770 2636 persuadendo
799 2556 883 2632 vim,
906 2576 1056 2616 summam
1077 2556 1109 2616 in
1129 2554 1223 2614 rebus

131 2654 295 2714 naotandis
332 2654 515 2729 sollertiam,
546 2654 733 2736 diligentiam
759 2654 959 2735 indefessam,
985 2655 1091 2738 legum
1115 2656 1222 2737 cogni·

131 2755 245 2814 tionem
265 2756 538 2833 accuratissimam,
557 2755 757 2814 eruditionem
774 2747 993 2836 omnigenam,
1014 2758 1041 2815 ei
1061 2754 1221 2830 tribuunt3
1303 2790 1305 2794 s

130 2864 198 2912 tum
226 2874 300 2913 vero
325 2861 491 2915 amoenum
515 2856 689 2936 ingenium,
720 2857 884 2936 mitemque
916 2856 1070 2916 animum:
1097 2856 1128 2914 in
1159 2876 1222 2936 qno
1295 2927 1299 2932 Μ

132 2972 202 3011 cum
230 2954 320 3011 unico
350 2957 436 3013 cuius
460 2952 556 3014 verba*
585 2953 624 3014 ad
648 2976 703 3016 nos
726 2965 929 3037 pervenenmt
955 2955 1156 3016 obtrectatore
1181 2953 1220 3030 ²⁹)

130 3051 173 3108 ita
195 3053 344 3111 consentit
362 3052 446 3111 Petri
468 3051 561 3113 cliens
587 3053 739 3114 lohannes
764 3053 888 3135 Lydus,
910 3065 945 3114 ut
968 3053 1027 3112 hoe
1050 3062 1131 3112 certe
1146 3074 1221 3112 con·
1284 3120 1285 3134 ,

131 3160 201 3229 stet,
222 3149 404 3211 benevolum
423 3151 525 3232 fuisse,
547 3151 737 3235 liberumque
757 3152 797 3213 ab
810 3155 895 3213 omni
913 3154 1096 3235 arrogantia.
1117 3151 1221 3214 Etiam

197 3330 448 3455 {orgiggndgpmqu
473 3333 502 3384 in
526 3334 728 3403 subscriptione
754 3332 887 3403 epistolae
912 3331 1065 3399 encyclicae
1090 3341 1218 3386 censeat:

219 3438 224 3449 .
266 3439 272 3451 .
313 3417 386 3453 attii
449 3439 454 3450 .

146 3470 557 3594 ablvlfflcnandemdpsslsbmqq·
578 3472 620 3592 epil.
639 3473 668 3593 g.
722 3476 768 3541 αθ)
786 3473 901 3595 nib‘i'dp'
912 3476 1021 3594 373617.
1077 3471 1125 3544 ²7)
1145 3473 1218 3558 Vide

198 3547 687 3673 attilii.inanitas,
705 3544 826 3666 atila
842 3546 1219 3684 tila„ils²l·,sflc§¹:t

196 3699 296 3734 nomen
315 3683 387 3737 Petri
407 3681 442 3733 ad
458 3699 514 3733 rem
530 3682 698 3750 probandam
717 3700 813 3752 param
832 3683 967 3736 efiiceret:
989 3685 1123 3736 lohannes
1142 3688 1219 3737 enim
1243 3748 1248 3755 ᾗ

195 3751 357 3817 Lydns‘vix
387 3754 497 3805 nomine
524 3761 603 3804 tenua
621 3753 796 3806 Christianus
814 3753 886 3819 suit3
904 3771 996 3823 neque
1014 3771 1046 3807 eo
1065 3755 1149 3823 magis
1172 3757 1218 3807 lo-

196 3818 457 3875 hanneaStobacus:
480 3824 606 3874 Iacobum
625 3823 772 3886 medicum,
790 3825 904 3877 natione
922 3824 1064 3887 Achivum,
1082 3840 1237 3893 paganum,

194 3890 326 3959 religione
337 3893 437 3954 inisse,
460 3892 562 3944 diserte
574 3901 665 3944 narrat
675 3893 851 3947 Marcellinus
869 3898 901 3949 in
919 3894 1019 3948 Chaon.
1046 3895 1098 3946 sub
1118 3911 1141 3945 a.
1154 3895 1219 3960 diia-
1241 3901 1242 3904 ’

193 3961 542 4090 fibiiiffmmcdm‘
562 3965 636 4046 ²41³·
648 3980 705 4033 pn:
726 3967 819 4036 πρᾷος
839 3961 873 4030 ἢν
891 3964 1113 4032 amiciciarum
1134 3962 1232 4071 ilipl-E
