2774 5106
251 235 336 349 296
687 258 896 323 excitum

109 439 176 496 Ae,
190 424 332 496 ςρςσιλει·
345 411 519 496 Ῥωμαίων
538 411 593 478 καί
606 412 760 504 Ἰουστίνιρ
781 412 999 496 διαλεγόμενος
1005 412 1038 490 ;’'
1065 409 1133 474 τότε
1164 408 1331 495 κατορρω-

137 497 195 596 Ῑῧᾷ·
209 511 343 599 ,ιλδησας
365 512 384 576 6
405 514 585 598 Μεβυλιλης,
621 511 770 598 περιδεης
793 536 827 577 τι
855 509 1041 595 γενόμενος,
1076 506 1194 593 πρηνὴς
1229 504 1330 572 ἔκειτο

116 579 472 699 1“mmdn'e'da'puuc,
503 611 583 699 πρὸς
609 609 738 698 ἄρνησιν
767 637 800 678 τε
824 607 1032 697 καταφεύγων
1051 607 1107 674 καί
1126 607 1331 688 ἀναινόμενος

243 712 398 800 εἰρῆσθαί
414 711 444 778 οι“
462 711 501 778 ια’
522 709 639 778 τοιάδε.
680 713 811 799 τοιαύτη
833 707 984 798 σῖπολογίρι
994 711 1171 795 χρωμένου,
1194 705 1210 772 6
1235 706 1332 771 adso-

242 809 365 898 κροὶτωρ
389 810 494 892 ἔδοξεν
514 809 695 896 ὑπάγεσθαι
716 815 756 901 τῇ
776 817 892 899 πειθοῖ,
912 808 996 887 ἔλεξέ
1016 834 1051 875 τι
1063 835 1072 852 ·
1085 808 1214 891 ,ἔοικεν
1234 799 1291 873 οὖν
1312 804 1351 899 (35,

241 909 397 999 ἓρμηνεῦς
426 910 503 998 ἡμῖν
531 915 624 998 ἕτερα
653 906 727 978 ἄνθ’
750 906 865 999 ἑτέρων
886 913 1020 997 φράσαι.
1061 911 1092 975 εἰ
1108 912 1214 975 τοίνυν
1236 901 1330 972 οὐδὲν

240 1015 387 1078 λέλεκταί
402 1036 453 1078 σοι
473 1011 559 1098 παραὶ
581 1009 617 1077 τὸ
637 1017 810 1095 προσῆκον,
841 1010 912 1077 ἴσθι
934 1009 969 1076 τὰ
990 1011 1145 1109 ἐπίκλημα
1166 1004 1331 1088 α’πονιψά-

239 1115 359 1194 pum?
388 1106 487 1188 οὕτως
504 1112 522 1176 6
542 1109 694 1195 βασιλευς
714 1106 819 1177 ἑκοντὶ
838 1106 1193 1198 αποπροσποιησάμενυς
1215 1105 1255 1173 τὰ
1278 1110 1330 1170 λε·

235 1214 359 1295 χθέντα
378 1209 458 1297 πρὸς
476 1212 576 1278 αὐτοῦ
595 1213 730 1293 εἰδέναι,
752 1213 815 1277 τῶν
834 1215 1007 1298 εἰρημένων
1025 1210 1080 1296 τήν
1101 1204 1231 1293 ἄγνοιαν
1250 1193 1331 1272 ὕπο·

238 1308 374 1395 κρίνετο,
395 1314 451 1375 καί
470 1309 509 1395 δη
527 1312 560 1387 ἐς
580 1310 614 1378 τὸ
638 1305 812 1397 ἠπιώτερον
830 1314 1010 1397 μετηνέχθη
1018 1362 1028 1391 ,
1050 1308 1095 1385 οἷς
1114 1303 1154 1374 dv
1171 1304 1218 1390 μὴ
1242 1311 1374 1392 θραοιο

149 1405 370 1495 Ρ.ιο6σύτερός
389 1409 499 1477 τεκαὶ
516 1409 597 1478 κατὰ
616 1409 652 1477 τὸ
673 1415 794 1494 μᾶλλον
814 1408 1098 1496 ὕψαχόραςιέσοιτο
1120 1407 1140 1473 6
1162 1404 1328 1489 Μεβώδης

237 1509 283 1596 τῷ
302 1511 336 1584 ἐς
354 1506 477 1590 ἔννοιαν
497 1508 581 1593 ἔχειν
600 1513 779 1577 συνειδέναι
799 1509 854 1576 τὸν
875 1510 1090 1595 αὐτοκράτορα
1109 1511 1149 1597 τῇ
1172 1502 1343 1593 ῥημάτων,

236 1607 417 1694 τραχύτητι.
441 1605 525 1675 οὕτω
548 1607 588 1694 61}
610 1602 743 1676 οὖντοῦ
762 1614 919 1692 βασιλέως
938 1609 1244 1701 παρακρουσαμένου
1268 1602 1325 1690 την

236 1703 396 1788 ὑπόνοιαν,
422 1709 646 1792 ,,οι’μωζε’τω,”
660 1702 685 1793 ἦ
700 1710 735 1777 δὲ
756 1706 952 1794 ὃΜεβώδης,
973 1706 1052 1791 ,,και“
1070 1705 1110 1772 τά
1124 1700 1324 1792 Σαρακηνικιὶ

238 1809 327 1892 φῦλα
348 1802 471 1880 ἅπαντα
492 1810 548 1874 καί
560 1801 703 1893 Ἀμβρσς
724 1807 824 1884 αὐτὸς
842 1807 898 1873 καὶ
916 1804 937 1893 ἦ
959 1811 1110 1891 πρεσβεία
1129 1802 1149 1892 ἧ
1171 1808 1239 1871 κατ’
1266 1804 1353 1868 ast-15

236 1906 332 1979 τούς·
363 1907 438 1987 ἐμοὶ
454 1906 515 1994 γὰρ
537 1905 609 1993 σιμὴ
634 1906 736 1975 ἔσοιτο
756 1910 847 1974 ἕκατί
861 1932 896 1973 τε
916 1907 1040 1988 αὐτῶν,
1061 1901 1130 1971 οὔδ’
1150 1903 1279 1985 εἴποιμί
1294 1927 1324 1967 τι

235 1998 380 2069 λοιπόν.”
420 2006 540 2071 τούτων
560 2004 645 2071 οὕτω
665 2011 881 2093 κεκινημένων,
894 2013 1024 2073 πλεῖστα
1043 2007 1104 2089 μὲν
1125 2003 1181 2069 καὶ
1201 1997 1286 2068 ἄλλα
1306 2001 1326 2068 6

234 2099 385 2182 βασιλευς
410 2101 464 2169 τόν
490 2106 674 2191 Σαρακηνόν
700 2101 768 2171 εἶπε
788 2109 908 2189 κακῶς,
939 2104 995 2171 καὶ
1014 2105 1057 2182 ὥς
1076 2101 1275 2188 μεταβολεύς
1293 2125 1324 2168 τι

233 2196 291 2261 καὶ
316 2202 549 2288 παλιγκάπηλος
575 2200 656 2290 ἥκοι.
697 2204 776 2290 πρὸς
797 2212 862 2282 τοῖς
891 2207 919 2269 δ’
940 2204 1086 2297 ἔφασκεν,
1109 2203 1153 2278 οἷς
1174 2205 1238 2286 ου’χ
1260 2197 1325 2278 οἷός

149 2354 151 2360 .
209 2306 211 2313 “
234 2319 270 2359 τι
289 2301 412 2384 πέφυκε
431 2303 559 2386 λησειν,
589 2297 664 2368 ὅτου
686 2306 777 2392 ἕνεκα
796 2308 927 2386 βασιλεῖ
941 2301 1160 2384 ἐντευξόμενος
1180 2301 1359 2388 οἶφίκτταοο

204 2395 338 2480 Bam?
361 2395 432 2480 γὰρ,
453 2399 496 2475 ὥς
520 2403 625 2465 ἐθέλοι
642 2400 680 2467 τὰ
701 2404 825 2488 συνήθη
856 2399 1005 2487 χρήματα
1027 2399 1226 2484 κομίσασθαι
1247 2401 1327 2488 πρὸς

176 2507 178 2513 ’
232 2493 340 2579 ἡμῶν,
384 2492 455 2561 ἄνθ’
483 2490 530 2563 ὦν
558 2493 647 2581 οἶμαι
676 2512 832 2585 κομιεῖται
861 2499 1031 2590 ξυμφορὰς
1052 2499 1069 2566 6
1091 2500 1270 2588 κατάρατός
1290 2523 1324 2567 τι

301 2648 327 2718 4.
348 2648 463 2726 τοιαύτη
486 2653 527 2715 Β.,
544 2653 630 2722 ταύτῃ
647 2654 719 2724 vuig-
793 2647 869 2724 14.ιῖ
886 2653 917 2710 66
934 2657 980 2720 13..
998 2653 1049 2722 ἤδη
1072 2655 1144 2726 vulg.

232 2796 328 2849 teres?
347 2800 445 2855 Annon
464 2791 565 2868 sentis,
583 2814 611 2859 tc
630 2823 691 2859 eum
709 2809 890 2860 Rornanorum
906 2808 945 2858 im
967 2814 1073 2861 oratore
1091 2814 1120 2859 et
1136 2808 1247 2862 Instino
1265 2826 1323 2863 ser·

232 2883 341 2920 monem
367 2871 510 2927 habcrc?''
553 2877 623 2929 Tum
652 2885 838 2931 consternatus
861 2827 993 2930 Mebodos
1017 2894 1200 2948 praepavore
1240 2898 1323 2932 ronus

230 2939 261 2990 in
285 2947 384 2993 terram
411 2961 440 2995 sc
468 2945 502 2996 ad
530 2948 588 2998 cius
614 2947 698 3016 pedes
720 2948 868 3016 prostrauit
894 2949 977 3002 etad
999 2949 1142 3002 mendacia
1159 2898 1323 3018 cunKagiens

230 3009 349 3077 negavit,
370 3029 433 3064 asc
451 3016 518 3066 talia
543 3018 650 3084 prolata
672 3018 765 3076 fuisse.
808 3018 870 3088 Qua
895 3022 1069 3072 excusatione
1096 3036 1158 3072 cum
1178 3027 1323 3083 uteretur,

230 3077 381 3145 Imperator
408 3081 489 3136 iidem
514 3084 615 3139 habere
641 3087 799 3149 videbatur,
826 3098 854 3141 et
872 3088 955 3142 dixit:
980 3091 1117 3154 „Videtur
1132 3090 1218 3161 igitur
1236 3093 1323 3143 inter-

230 3162 293 3214 pres
317 3149 398 3201 nobis
427 3153 482 3204 aiia
502 3170 551 3222 pro
578 3157 641 3209 aliis
663 3159 833 3227 suggessisse.
870 3161 965 3229 ltaque
991 3162 1016 3212 si
1040 3160 1113 3213 nihil
1130 3178 1145 3212 a
1164 3170 1191 3212 te
1212 3161 1320 3213 dictum

231 3225 274 3269 cst
293 3215 328 3268 ab
347 3219 434 3273 officio
453 3232 482 3275 ct
498 3225 597 3277 decoro
614 3227 745 3291 alienum,
765 3230 834 3281 scito
852 3238 879 3281 te
897 3231 997 3281 crimen
1011 3232 1165 3300 purgasse.”
1182 3231 1226 3284 Ad
1245 3231 1321 3283 hunc

228 3286 340 3339 modum
358 3291 506 3358 Imperator
530 3306 627 3365 sponte
645 3315 692 3359 ca,
718 3315 787 3368 quae
806 3299 879 3352 dicto
898 3299 1026 3363 fucrant,
1043 3317 1104 3352 cum
1123 3317 1218 3353 eorum
1238 3303 1319 3371 igno·

228 3359 364 3411 rationem
383 3362 532 3425 simularet,
555 3365 774 3422 dissimulatione
792 3373 932 3439 transegit,
949 3369 1029 3423 etad
1046 3371 1131 3422 animi
1144 3374 1318 3441 aequitatem

228 3435 273 3479 est
296 3428 438 3497 delapsus,
465 3448 501 3484 ne
527 3434 597 3487 sorte
620 3438 752 3490 Mobodes
777 3439 806 3489 in
828 3448 967 3508 posterum
991 3442 1069 3492 fieret
1092 3440 1243 3504 antinoios,
1268 3450 1319 3494 aut

227 3495 321 3550 verbis
338 3502 444 3562 elatior,
461 3519 545 3571 quum
565 3507 760 3571 recordaretur,
780 3510 972 3576 Imperatorem
993 3515 1123 3563 sermonis
1143 3513 1203 3563 eius
1222 3511 1317 3580 impu-

229 3566 348 3619 dentiam
375 3570 604 3627 animadvertissc.
645 3579 741 3647 ltaque
770 3597 852 3651 quum
879 3582 918 3632 sie
942 3582 1093 3651 Imperator
1111 3581 1186 3652 qnod
1211 3583 1317 3646 sensit,

228 3640 418 3705 repressisset,
435 3641 566 3696 Mebodes
586 3647 760 3701 exclamavit:
802 3649 929 3712 „Abeant
948 3653 977 3702 in
995 3653 1093 3702 maiam
1111 3669 1166 3703 rem
1187 3659 1219 3703 ct
1235 3653 1318 3705 sm-

228 3708 339 3761 eenicae
357 3718 449 3778 gentes
468 3728 560 3765 omnes
579 3718 732 3770 etdmbrus
751 3719 810 3789 ipse
828 3728 856 3772 et
870 3721 971 3789 legatio
990 3738 1092 3774 corum:
1108 3721 1177 3774 mihi
1195 3738 1262 3773 vero
1281 3723 1318 3776 dc

228 3775 294 3842 ipsis
312 3780 453 3840 silentium
463 3784 499 3833 sit
519 3799 610 3855 neque
625 3790 775 3859 quidquam
785 3791 815 3843 in
832 3799 970 3859 posterum
981 3791 1109 3845 dieam.”.
1125 3790 1209 3861 Quae
1228 3809 1317 3862 quun

227 3843 358 3912 dixisset,
379 3852 528 3919 imperator
549 3871 661 3927 quoque
679 3859 822 3911 maledicta
848 3862 876 3912 in
896 3861 1058 3913 Saraccnum
1078 3863 1211 3925 coniecit,
1234 3880 1316 3915 eum·

227 3931 282 3985 que
306 3921 458 3972 institorem
487 3930 516 3974 et
536 3942 687 3995 cauponem
714 3931 884 3998 appellavit..
907 3931 949 3983 dd
967 3931 1035 3983 haee
1052 3932 1133 3995 dixit,
1149 3949 1178 3984 se
1197 3933 1316 3986 silentio

227 3991 376 4053 praeterire
395 4006 450 4042 non
468 4009 557 4063 posse,
576 3999 683 4066 quade
701 4017 781 4051 causa
800 4002 973 4070 imperatoris
992 4018 1161 4073 congressum
1184 4010 1316 4074 tantope-

228 4070 258 4106 re
275 4063 453 4129 concupisset
490 4064 620 4126 „Scilicet
638 4068 717 4132 dicit,
745 4087 774 4122 sc
792 4089 806 4122 a
826 4071 906 4123 nobis
924 4073 1018 4124 solitas
1037 4074 1165 4142 pecunias
1185 4074 1315 4142 accipere

228 4123 314 4190 acus,
335 4144 385 4198 pro
408 4134 508 4203 quibus
526 4137 702 4202 calamitates,
728 4141 844 4211 opinor,
867 4143 997 4196 scelestus
1023 4150 1051 4196 et
1068 4143 1210 4215 improbus
1228 4141 1314 4206 teret,
