2738 5228
237 220 322 347 600
392 250 455 325 ru.
475 247 733 310 muneratur
754 252 794 312 m
814 234 1179 315 ECL.·Tt1EOPB·hMS
1198 247 1285 309 rua
1360 233 1365 256 ¹

235 420 304 482 que.
345 399 460 460 Verum
478 399 553 460 mihi
577 400 824 482 temperandum,
847 422 886 461 ne
906 411 1047 463 annotata
1062 409 1169 461 nostra
1193 400 1313 462 nimiam

137 538 139 542 Α
237 494 409 544 excrescant
423 485 453 542 in
479 481 601 543 molem.

316 561 678 648 Pag.23.13.[486‚19.]
702 565 842 626 &corrodi
862 564 965 626 Daras
992 578 1194 647 oppugnatam
1215 565 1312 624 ruham

220 649 320 731 *oepit
351 647 537 709 Biclariensis
546 646 650 708 Abhas
658 650 689 707 in
699 647 847 707 Chronico
860 658 1050 729 praepostere
1064 650 1313 730 expugnationem

232 729 325 791 huius
354 732 483 809 civitatis
501 730 558 800 sub
584 749 664 807 anno
701 731 808 791 lustini
837 742 943 791 octavo
971 728 1118 806 collocat,
1158 741 1313 812 postquam

233 814 296 873 iam
316 811 356 874 ab
371 835 451 875 anno
469 816 500 874 in
524 814 663 874 morbum
682 814 851 890 incidisset,
872 816 943 899 qui,
962 823 997 873 ut
1014 815 1075 887 ait,
1100 812 1141 871 ab
1159 813 1231 872 aliis
1294 815 1311 858 '-

233 896 302 956 dem
319 897 432 958 cerebri
445 900 552 972 motio,
569 898 608 957 ab
621 897 690 956 aliis
707 896 881 957 daemorumr
897 898 1020 958 vexatio
1036 895 1212 979 prandeum.
1250 836 1310 955 ffl-

234 980 335 1062 agrius
369 980 467 1057 enim,
499 980 661 1040 Simocatta
690 990 720 1040 et
743 979 926 1063 Nicephorus
958 988 1129 1055 testantur,
1159 999 1195 1038 ex
1222 980 1308 1038 nimio

234 1059 339 1123 dolore
359 1059 497 1139 deDaris
519 1063 613 1144 captis
634 1073 778 1144 concepto
791 1105 811 1140 ‚,
827 1073 889 1140 tam
908 1060 1028 1122 insolita
1041 1061 1219 1122 infirmitate
1245 1082 1310 1121 con·

234 1166 355 1206 cussum
370 1144 471 1207 fuisse.
513 1145 593 1208 Vide
624 1157 655 1206 et
680 1167 757 1228 quae
770 1166 804 1207 ex
827 1139 1014 1227 Theophane
1029 1143 1210 1206 consessore
1225 1141 1310 1227 paulo

233 1239 304 1289 ante
323 1231 356 1289 in
378 1227 511 1288 medium
525 1227 692 1289 attulimus.
880 1280 882 1287 s

316 1311 419 1394 Atque
443 1309 518 1372 haec
548 1311 766 1373 schediasmate
795 1330 813 1370 e
832 1308 935 1370 multis
955 1306 1049 1371 eiecta
1070 1308 1309 1391 aequibonique

235 1391 372 1454 consulat
393 1393 539 1455 candidus
564 1394 676 1471 lector,
691 1414 789 1477 quae,
807 1402 946 1477 currente
964 1392 1069 1474 praelo
1088 1403 1120 1452 et
1139 1392 1309 1474 urgentibus

232 1478 332 1556 operis
355 1477 590 1619 :ppographicim
624 1477 703 1538 inter
729 1477 830 1538 varias
853 1477 1063 1557 occupationes
1095 1485 1126 1535 et
1153 1487 1308 1557 apparatus

233 1559 331 1618 nostri
382 1557 592 1620 elineationem
617 1563 745 1642 primam
766 1561 876 1641 raptim
904 1557 1184 1640 deproperavimus.
1233 1557 1309 1635 Quid

231 1639 315 1723 quod
336 1651 456 1723 paratas
485 1649 575 1702 ctiam
596 1644 628 1701 in
648 1642 759 1703 Suidae
781 1642 930 1724 Excerpta
954 1641 1119 1723 Byzantina
1143 1642 1309 1701 annotatio·

232 1742 287 1784 nes
307 1722 588 1806 emendationesque
606 1736 724 1786 nostras
741 1725 831 1785 modo
854 1724 1024 1807 praecidere
1039 1768 1049 1801 ‚
1066 1734 1160 1805 atque
1179 1725 1210 1784 in
1233 1723 1312 1788 aliud

234 1814 354 1886 tempus
371 1803 491 1868 differre
513 1807 667 1890 cogimur,
689 1829 729 1869 ne
752 1805 919 1868 multorum
939 1810 1015 1867 votis
1036 1828 1092 1867 exo
1112 1817 1210 1867 tutam
1227 1808 1310 1889 primi

232 1883 325 1948 huius
349 1887 697 1972 Constantinopolitanae
718 1889 861 1952 historiae
883 1888 1044 1952 voluminis
1067 1829 1233 1951 editionem
1249 1891 1312 1957 drus

232 1971 369 2032 turniore
397 1993 482 2034 mora
507 1973 660 2035 retardare
686 1971 855 2035 videamur.
898 1974 948 2033 Tu
968 1973 1104 2054 quisquis
1124 1971 1203 2034 haec
1225 1973 1310 2055 legis,

233 2051 327 2131 fave,
349 2064 380 2115 ct
407 2075 462 2118 suo
497 2056 642 2133 demum,
670 2058 695 2118 si
715 2056 799 2119 Deus
819 2054 957 2134 dederit,
974 2066 1115 2139 tempore
1145 2054 1236 2140 plura
1252 2077 1309 2118 ma·

234 2138 402 2218 ioraquea
423 2136 511 2202 nobis
530 2149 677 2223 exspecta.
