2774 5106
341 567 604 633 omninum
632 563 836 634 moronti.
1048 533 1132 622 313

52 722 175 785 σαοθαι
207 716 252 795 εἰς
276 716 331 786 τὸν
353 720 525 803 Ῥωμαίων
556 720 793 807 αἰτοκροίτορα.
848 720 903 786 καί
923 716 960 804 δὴ
989 717 1278 803 Τιβέριοςί.λ.0.5ηο

49 821 269 896 ξυναπέστειλε
296 820 502 908 τῇπρεσβείηι
528 818 695 902 Δαμιανὸν
716 823 905 905 ταξίαρχον,
933 817 1070 902 ἐσήμηνέ
1096 801 1263 928 τείῃέὲἰ.6

46 922 93 1004 τῷ
113 924 243 999 βασιλεῖ
266 912 392 983 ἅπαντα
418 919 457 984 τὰ
478 921 719 1002 ξυνενεχθέντα,
749 922 805 982 καί
833 921 907 1002 περί
921 909 967 983 ὧν
985 915 1132 1000 βούλεται
1152 889 1183 926 us
1198 888 1237 927 lm

45 1016 84 1083 τὸ
108 1015 295 1105 Ἀβαρικόν.
334 1018 390 1083 καί
409 1021 590 1085 ἐσπείσαντο
610 1021 722 1094 τελέας
739 1014 900 1102 Ῥωμαῖοί
914 1040 947 1082 τε
966 1015 1021 1082 καί
1029 1007 1132 1099 ’Ἀβα-

29 1124 113 1201 5ροι.
447 1120 450 1121 ’

132 1213 186 1285 ιθ.
227 1211 295 1282 Ὅτι
313 1219 376 1283 τοῖν
391 1216 537 1303 Ἀβοὶροον
556 1217 773 1298 σπεισαμένων
792 1213 849 1280 καί
867 1218 899 1291 ἐς
917 1214 956 1280 τὰ
977 1212 1075 1276 οἰκεῖα
1095 1211 1133 1276 σἰ-

44 1318 273 1400 περχομὲναν,
296 1316 325 1380 οἱ
353 1316 531 1402 Σκαμάρεις
551 1319 712 1403 ἐγχωρίοις
740 1310 966 1396 ὀνομαζόμενοι
987 1307 1131 1397 ἰνεδρεδ«

46 1436 159 1489 σαντες
185 1414 352 1501 οἰφείλοντο
381 1418 494 1491 ἵππους
514 1439 548 1481 τε
579 1416 636 1481 καί
667 1409 806 1502 ἄργυρον
832 1417 888 1478 καί
914 1409 1025 1498 ἑτέραν
1055 1405 1166 1476 uino-D

47 1511 187 1596 σκευήν.
234 1500 354 1579 τούτων
382 1516 471 1581 ἕνεκα
503 1513 673 1603 πρεσβείαν
701 1512 840 1593 ἔστειλαν
860 1505 957 1587 αὖθις
974 1506 1017 1586 οἷς
1039 1510 1131 1590 Τιβέ-

29 1633 139 1694 ιριον,
169 1613 234 1676 τοῖν
260 1612 457 1700 κεκλοφόταν
485 1618 558 1699 πέρι
593 1611 861 1699 ἐπιμεμφόμενοι,
888 1609 936 1676 ἔτι
956 1612 1010 1675 καί
1028 1607 1068 1673 τὰ
1089 1607 1208 1690 οἰ-Ἶηλ

47 1711 241 1796 φαιρεθέντα
271 1713 529 1794 οἰνακομίσασθαι
561 1713 765 1797 βουλόμενοι.
813 1708 869 1775 καί
895 1710 934 1794 δη
964 1704 1133 1793 ἇνερευνη·

44 1812 155 1885 θέντες
185 1807 216 1874 οἰ
242 1809 301 1895 την
328 1809 445 1896 κλοπην
465 1813 664 1897 εἰργασμένοι
692 1815 727 1877 έν
748 1813 874 1901 φανερῷ
895 1834 928 1876 τε
949 1809 1130 1894 γενόμενοι,

43 1902 161 1993 μοῖράν
181 1931 253 1972 τινα
275 1909 507 1996 α’πεκατέοτησε
526 1922 593 1987 τοῖς
610 1905 771 1996 Ἀβάροις.

128 2005 164 2070 κ’.
198 2000 269 2073 Ὅτι
295 2011 354 2073 τοῦ
385 2011 516 2074 δεκάτου
550 2008 641 2087 ἔτους
674 2005 863 2087 ἀνυσθέντος
882 2012 944 2076 τῶν
963 2018 1264 2092 nevrquor-ll.c.571

29 2106 195 2177 ὅτοοτιλίιον
222 2109 383 2190 σπονδῶν,
411 2107 490 2190 persi
524 2106 582 2194 την
601 2109 727 2196 σφαγήν
749 2109 913 2199 Σουρήνα,
931 2112 964 2174 ἰν
983 2108 1085 2196 ταύτην
1107 2089 1234 2214 δῖἷζιὲώ

43 2205 182 2286 Περσῶν
200 2204 350 2286 βασιλεὺς
369 2208 491 2272 στέλλει
510 2208 686 2293 Σεβόχθην,
706 2201 808 2294 ἄνδρα
831 2211 978 2292 Πέρσην,
998 2209 1031 2281 ἐς
1051 2229 1128 2290 πρε·
1214 2241 1216 2245 ⁷
1244 2176 1259 2230 ⁷

45 2300 158 2385 σβείαν
187 2301 231 2377 ὥς
247 2297 411 2372 Ἰουστῖνον
433 2305 487 2373 τὸν
507 2309 659 2389 βασιλέα,
680 2310 742 2371 τῶν
763 2309 798 2371 ἐν
820 2305 1047 2391 Περσαρμενίηι
1068 2305 1128 2385 μὲν

42 2403 291 2483 ξυνενεχθένττον
322 2394 452 2485 ἄγνοιαν
484 2408 583 2490 δῆθεν
605 2403 867 2490 ὑποκρινόμενος,
897 2395 998 2477 ἄλλοις
1026 2403 1062 2466 δὲ
1090 2396 1126 2465 sd

41 2503 282 2581 συντεταγμένον
297 2498 482 2583 Ῥωμαίους
495 2506 701 2567 κατατιθέναι
710 2504 845 2588 χρυσίον
856 2496 1054 2583 βουλόμενος,
1075 2491 1128 2564 οἷα

29 2593 81 2680 οδη
105 2599 164 2682 της
185 2597 347 2674 δεκαετίας
367 2602 616 2685 περαιωθείσης,
640 2593 679 2686 ἧς
697 2598 737 2666 τοί
756 2602 907 2686 χρήματα
928 2598 984 2685 ὑφ’
1005 2600 1039 2662 ἓν
1057 2597 1128 2660 ε’κο-

40 2697 175 2778 μίσατο,
196 2691 264 2761 εἶτα
284 2697 491 2779 ε’μπεδαίτατα
512 2696 697 2776 ξυνεστοίναι
712 2699 771 2784 την
793 2697 938 2785 εἰρήνην,
960 2697 1044 2762 καθά
1064 2718 1126 2760 που

41 2797 248 2879 ἐνεγέγραπτο
273 2797 308 2861 ἐν
334 2806 405 2874 ταῖς
435 2796 624 2885 ξονθηκαις.
674 2797 801 2886 σφόδρα
821 2797 882 2883 γὰρ
905 2801 939 2862 ἐν
959 2798 1075 2883 α’ρχαῖς
1094 2798 1127 2861 ἰ-

39 2891 157 2979 τιίραξε
186 2895 335 2985 Χοσρόην
362 2896 572 2982 αἰσθόμενον,
604 2897 648 2974 οἷς
666 2902 816 2982 βασιλεύς
839 2895 1012 2980 Ῥωμαίων
1043 2892 1156 2983 πρὸςΡ·
1170 2894 1219 2950 ¹¹6

109 3047 135 3100 3·
154 3012 326 3117 έννεχθέντα
342 3051 416 3121 vulg.
506 3054 546 3106 13.
565 3050 795 3117 δπεκατέστησαν
812 3051 846 3102 Η.
864 3030 968 3122 (male).

38 3149 220 3214 Damianum,
238 3149 342 3203 ordinis
361 3152 520 3216 ductorem,
539 3155 630 3216 misit,
651 3155 700 3224 qui
718 3154 797 3205 illum
815 3168 926 3215 eorum,
942 3167 1015 3273 quae
1033 3150 1125 3202 conti-

38 3228 136 3301 perant
154 3228 182 3271 et
207 3238 276 3291 quae
296 3223 396 3274 Avares
419 3224 535 3285 vellent,
559 3224 703 3276 certiorem
725 3223 835 3275 laceret
880 3219 939 3276 Tan
961 3238 1003 3273 em
1028 3219 1125 3272 foedus

37 3297 112 3341 inter
130 3291 263 3343 Romanos
282 3301 310 3343 et
328 3297 426 3344 Avares
444 3292 612 3345 estfactum.

115 3377 153 3429 sp
190 3363 313 3415 Foedere
332 3364 420 3425 inito,
445 3380 504 3414 cum
523 3366 622 3419 Avares
640 3362 676 3413 nd
696 3379 744 3414 sua
762 3362 901 3422 redirent,
919 3361 1056 3413 Scamures
1074 3377 1125 3430 pa-

38 3429 93 3481 trio
113 3430 224 3483 nomine
242 3432 324 3495 dicti,
351 3450 384 3484 ex
410 3433 600 3497 insidiisillis
621 3434 675 3483 vim
696 3433 836 3495 iecerunt,
860 3441 888 3482 et
905 3448 1006 3500 equos,
1030 3449 1127 3502 argen-

37 3507 100 3550 tum
125 3510 154 3552 et
178 3503 313 3572 reliquam
331 3503 547 3572 suppellectilem
566 3505 734 3574 eripuerunt.
770 3503 945 3573 Quapropter
958 3503 1123 3571 legationem

36 3567 73 3619 ad
92 3569 237 3624 Tiberium
254 3575 403 3636 miserunt,
432 3591 503 3643 quae
528 3573 562 3626 de
589 3574 670 3627 rebus
690 3574 789 3625 ablatis
810 3580 972 3643 quereretur
995 3582 1024 3624 et
1046 3581 1122 3644 rupta

36 3648 186 3709 repeteret.
221 3643 469 3711 irreprehensa,
489 3645 536 3715 qui
555 3646 729 3696 latrocinium
747 3646 885 3707 fecerant,
903 3651 931 3695 et
947 3645 978 3695 in
997 3654 1122 3715 apertum

36 3709 181 3776 adductis,
218 3722 324 3781 partem
342 3714 462 3784 aliquam
481 3715 613 3768 Avaribus
632 3716 761 3768 restituit

110 3799 152 3835 no.
198 3783 298 3836 Exacto
333 3782 437 3837 decimo
464 3785 663 3856 quinquaginta
689 3802 823 3838 annorum
841 3785 1014 3837 induciarum
1036 3800 1119 3845 anno,

34 3851 369 3921 postSurinae'caedem,
387 3855 528 3906 Persarum
547 3872 595 3908 rex
612 3856 807 3918 Sebochthem‚
827 3857 912 3907 virum
931 3852 1055 3916 Persam,
1077 3853 1121 3903 le-

35 3931 129 3991 garum
148 3921 183 3974 ad
200 3924 335 3977 lustinum
355 3926 549 3994 imperatorem
574 3927 669 3978 mittit
713 3926 763 3978 lile
789 3927 901 3995 quidem
925 3926 1123 3996 ignorationem

35 4008 150 4054 eorum,
169 4010 239 4062 quae
265 3997 293 4045 in
315 3996 499 4047 Persarmenia
517 4004 592 4067 gesta
609 4005 700 4059 erant,
719 3995 855 4066 lingebat,
882 4006 910 4048 et
940 4013 1000 4045 curn
1028 3995 1123 4045 decem

36 4063 105 4114 anui
123 4065 344 4129 praeteriissent,
370 4082 486 4135 quorum
505 4067 608 4119 tributa
630 4067 659 4117 in
679 4084 759 4117 unam
778 4067 891 4127 collata,
916 4065 1025 4117 suerunt
1048 4063 1124 4114 solu·

36 4140 76 4193 ta,
96 4133 225 4200 deinceps
237 4136 369 4187 Romanos
389 4153 496 4198 aurum,
507 4135 541 4188 de
560 4153 615 4207 quo
634 4144 827 4198 convenerant,
846 4138 960 4198 solvere,
980 4142 1010 4185 ut
1027 4131 1123 4185 loede-

37 4201 116 4254 ribus
136 4206 269 4271 scriptum
289 4215 361 4268 erat,
380 4214 408 4257 et
435 4223 529 4273 pacem
556 4215 681 4258 constare
709 4207 829 4276 petebat.
874 4208 1020 4259 Nemeum
1040 4202 1122 4254 initio

37 4271 174 4324 Chosroes
192 4275 386 4342 suspicaretur,
406 4276 585 4328 Romanorum
603 4280 795 4346 Imperatorem
816 4294 831 4327 a
848 4275 1053 4327 conditionibus
1073 4290 1123 4340 pa·

37 4345 76 4394 cis
96 4341 270 4396 recedentem
288 4344 323 4395 ud
341 4345 444 4397 bellurn
464 4346 547 4408 ferri,
565 4346 644 4399 valde
666 4347 839 4415 perturbatus
858 4347 955 4397 iuerat.
997 4344 1122 4398 Vereba-

38 4421 84 4468 tar
102 4416 193 4476 enim,
213 4431 248 4468 ne
266 4431 299 4468 ex
318 4416 464 4488 improviso
483 4417 634 4487 imperator
654 4435 715 4471 cum
731 4434 827 4489 magno
846 4423 978 4488 apparatu
997 4431 1026 4470 se
1044 4415 1120 4468 bello
1154 4471 1157 4478 ,
1215 4414 1218 4421 ’
