2744 5182
445 656 742 742 semanimem.

56 812 198 899 Votaque
217 814 382 898 suscipiunt
401 834 457 898 pm
477 825 508 876 te
527 825 690 899 noctesque
709 814 843 900 diesque.

55 915 120 977 Nec
141 937 203 977 non
224 914 540 997 eloquiodecorstos‚
561 915 688 977 maxime
708 914 873 998 Princeps,

56 1017 143 1095 Quos
164 1015 301 1077 doctrina
321 1024 427 1097 potens
446 1025 478 1075 et
500 1013 593 1075 sudor
612 1014 744 1076 artuicus
765 1027 877 1099 auget,

57 1116 198 1193 Quorum
216 1116 366 1196 Romanas
385 1116 485 1176 munit
504 1114 648 1196 sapientia
668 1112 765 1197 leges,

57 1214 202 1276 Adsumit
222 1217 337 1291 socios,
360 1214 439 1277 iusto
458 1213 662 1274 moderamine
682 1234 808 1291 rerum,

56 1313 99 1375 Et
117 1313 200 1376 solus
220 1313 316 1375 doctis
338 1312 392 1385 das
411 1312 654 1395 praemiadigna
677 1310 800 1389 labore,

57 1412 238 1474 Muneribus
257 1412 358 1475 ditans
378 1423 410 1473 et
430 1430 553 1494 pascens
571 1422 671 1478 mente
690 1411 832 1494 benigna.

76 1512 77 1516 ’
141 1512 224 1574 Haec
245 1522 368 1595 propter
387 1510 459 1575 celsi
475 1511 644 1573 dominator
661 1512 808 1573 maximus
828 1511 892 1584 axis

59 1611 185 1674 Infestos
207 1601 314 1675 vestris
334 1615 443 1675 avertit
465 1611 505 1673 ab
526 1607 645 1683 arcibus
664 1611 786 1688 hostes,

59 1713 145 1790 Quos
164 1710 250 1773 furor
271 1714 400 1774 iniustus
420 1711 532 1773 violato
551 1710 670 1772 foedere
691 1713 787 1773 movit
857 1793 860 1796 ·

57 1809 224 1893 Euphratis
244 1812 322 1875 rasti
341 1833 434 1896 prope
455 1812 583 1874 maxima
600 1808 726 1872 flumina
746 1811 877 1892 ruptim,

56 1909 104 1972 Ex
124 1912 287 1993 improviso
309 1911 461 1972 latronum
481 1931 565 1972 more
584 1920 717 1971 ruentes.

58 2009 119 2071 Sed
139 2011 222 2073 Deus
241 2013 274 2074 in
295 2013 447 2093 propriam
467 2010 583 2072 cladem
603 2021 793 2073 converterat
812 2009 898 2091 illos,

57 2108 255 2192 Consiliisque
277 2112 337 2193 tuis
357 2112 518 2172 iustissima
537 2111 652 2171 damna
667 2109 833 2175 tulerunt·¹

60 2209 143 2270 Haec
164 2210 268 2271 eadem
289 2219 412 2272 cunctos
427 2236 440 2287 ,·
458 2209 539 2272 bello
557 2215 730 2293 quicunque
751 2208 902 2272 lacessunt

57 2309 178 2393 imperii
200 2308 337 2373 columen
359 2312 450 2372 vestri
470 2328 657 2392 pacemque,
679 2309 869 2387 mauebuut3

56 2409 104 2470 Ut
121 2410 168 2472 sol
188 2431 302 2473 oceano
320 2411 429 2473 tollens
451 2429 646 2492 mergensque
666 2407 779 2489 iugules

58 2508 170 2572 Cernat
186 2498 337 2573 bnastasii
358 2509 464 2573 llorere
480 2531 535 2592 per
558 2509 660 2569 omnia
675 2528 798 2570 nomen.

140 2610 279 2694 Utraque
300 2612 397 2672 Roma
416 2610 472 2672 tibi
494 2631 565 2671 nam
586 2629 675 2692 spero
693 2618 797 2692 pareat
816 2609 889 2683 uni,

58 2709 181 2772 Auxilio
202 2714 331 2789 summi,
350 2712 403 2794 qui
424 2711 570 2793 conspicit
589 2711 710 2783 omnia,
733 2706 852 2787 Patris,

59 2812 158 2888 Quem
179 2810 279 2892 placas
299 2812 382 2872 omni
402 2809 517 2871 stabilis
536 2811 646 2893 pietate
668 2823 723 2892 per
741 2807 872 2888 orbem,

56 2909 184 2992 Templa
205 2931 321 2972 novans
345 2898 554 2993 renovansque
574 2911 640 2972 Deo
660 2908 805 2993 fulgentia
825 2931 963 2994 semper,

56 3009 217 3092 Lucraque
236 3030 309 3071 vera
329 3021 439 3092 putans
458 3030 567 3071 aurum
588 3031 764 3072 consumere
786 3010 876 3072 iuste.
921 3051 922 3055 =

140 3108 263 3191 Experti
283 3129 381 3191 nuper
399 3131 504 3178 sumus
524 3131 615 3191 ergo,
635 3109 820 3190 sceptrifer,
841 3129 963 3183 omna,
1054 3190 1060 3197 χ
1103 3130 1118 3157 ,

60 3207 184 3284 Quanta
203 3218 290 3269 tuum
312 3219 416 3290 pectus
434 3220 535 3270 servat
554 3211 726 3297 praesentia
744 3208 823 3291 regis

56 3304 219 3386 Caelestis,
242 3309 364 3390 propria
383 3307 518 3370 bonitate
535 3306 668 3390 pericula
688 3307 811 3390 pellens.

56 3404 138 3466 Nam
159 3428 227 3466 cum
248 3407 329 3468 mole
349 3428 428 3471 nova
449 3428 540 3490 supra
559 3419 590 3469 te
617 3411 705 3469 navis
724 3407 831 3490 iniqua

56 3503 129 3566 Sese
151 3526 221 3566 cum
241 3508 340 3569 ventis
359 3507 484 3569 veheret
504 3507 637 3590 velisque
659 3505 817 3583 nefandis,

57 3604 160 3687 Atque
180 3605 261 3668 salus
281 3607 391 3669 dubiae
411 3607 555 3691 penderet
575 3610 705 3670 maxima
725 3609 835 3691 vitae,-

58 3704 166 3778 Vitae‚
189 3728 250 3788 qua
272 3705 351 3790 leges
370 3709 491 3786 Latiae,
518 3729 578 3791 qua
598 3719 707 3769 cuneta
725 3718 884 3769 tenentur:

58 3803 128 3884 Ipse
148 3804 237 3865 Deus·
253 3804 359 3888 pelago
379 3828 519 3889 praesens
539 3807 676 3868 exhausit
695 3806 734 3868 ab
755 3807 838 3888 alto,

58 3904 199 3980 Quantus
221 3905 304 3967 adest
322 3924 379 3986 pro
396 3917 445 3985 tc,
466 3909 626 3969 ostendens
646 3906 820 3969 discrimine
835 3929 966 3993 magno,

58 4000 131 4061 Non
154 4001 241 4063 aliter
259 4025 410 4064 summum
433 4004 539 4067 solitus
560 3997 895 4070 monstrare‘favorem.

58 4101 168 4162 Sancta
189 4105 256 4184 pios
280 4103 417 4166 homines
437 4116 585 4167 testantur
605 4108 716 4189 scripta
737 4129 938 4189 pertaesum,

58 4199 222 4284 inquibus
243 4203 385 4265 historiae
405 4203 480 4266 tales
503 4217 573 4267 sunt
593 4205 675 4268 mille
697 4207 872 4282 bonorum,

59 4300 200 4376 Quorum
220 4305 263 4365 sic
284 4306 381 4383 virtus
400 4304 597 4388 praefulserat
618 4308 759 4367 omnihus
779 4310 886 4388 annis,

59 4401 172 4463 Dextra
193 4403 275 4484 quod
299 4406 410 4486 eripuit
430 4405 533 4467 divina
554 4428 571 4466 e
590 4407 708 4469 casibus
731 4406 808 4472 illos.

135 4532 195 4585 ²7⁰·
215 4517 303 4572 omnis
320 4517 380 4572 cod.
