2774 5122
380 632 651 703 arianarum
681 631 887 703 ursronrn.
1085 608 1174 715 dri
1268 682 1273 685 .

82 784 241 879 δι’ρχοντας
263 794 421 870 πολιτείοις
433 843 444 874 ,
472 788 513 856 τοὶ
533 795 589 875 τῆς
610 789 760 875 εἰρήνης,
791 790 837 867 ὥς
863 784 904 854 δν
925 787 1091 872 δύναιντο,
1121 803 1321 876 pietatm

80 892 158 972 ταξδ
193 895 258 958 τῶν
294 886 440 977 ἀλλήλων
472 892 736 975 διαθησομίνους.
771 888 824 978 ἐφ’
853 880 878 979 ᾧ
908 893 944 955 δὲ
975 887 1015 956 εδ
1047 876 1286 1001 τοιαῦταῖἰέἕὲη

81 997 274 1077 προελθεῖν,
296 989 467 1075 α’νακωχήν
486 987 652 1074 γενέσθαί
672 987 775 1055 τινοὶ.”
806 980 868 1054 ὧδε
894 993 954 1070 μὲν
987 983 1044 1056 ode
1076 989 1132 1056 καί
1158 987 1183 1077 ἢ
1215 964 1312 1032 “ms

82 1091 235 1178 Χοσρόου
263 1089 380 1174 ἐδήλου
401 1089 558 1174 ἐπιστολή·
577 1087 730 1155 πλείστων
750 1091 786 1153 δὲ
797 1085 928 1176 1ἡμερῶν
948 1086 1031 1155 κατὰ
1050 1088 1106 1176 τήν
1121 1095 1182 1174 βοκ

61 1191 192 1258 5σιλίδα
200 1190 293 1255 πόλιν
306 1191 540 1275 διαγενομένων
553 1191 588 1255 ἐν
598 1197 668 1265 ταῖς
682 1189 718 1253 ἐν
731 1191 818 1277 μέσην
834 1192 1018 1266 συνουσίαις
1031 1193 1184 1276 Τιβερίου

79 1294 139 1357 τοῦ
156 1289 314 1372 βασιλέως
326 1292 384 1354 καί
405 1290 613 1373 Φερογδιέθου
635 1289 692 1352 τοῦ
713 1291 853 1372 Περσῶν
872 1292 1080 1373 πρεσβευτοῦ,
1101 1289 1182 1374 γραῒ·

81 1414 181 1478 perne
199 1392 260 1472 μὲν
281 1391 507 1455 ducebamini
526 1387 585 1471 τήν
606 1393 778 1470 πρεσβείαν
799 1387 950 1477 Ζαχαρία
970 1411 1004 1452 τε
1024 1389 1081 1452 καί
1101 1388 1182 1451 Θεο-

81 1486 177 1577 δωρηι
196 1497 263 1565 τοῖς
289 1491 460 1576 πρέσβεσιν
479 1489 685 1574 δνδιατρίψαι
710 1485 789 1552 κατὰ
820 1486 877 1573 τήν
897 1487 964 1570 ἕω,
1000 1484 1057 1552 καὶ
1083 1477 1121 1551 οδ
1147 1509 1182 1551 τι

79 1583 171 1671 μάλα
192 1590 227 1655 ἐν
250 1591 375 1676 σπουδή
396 1591 516 1656 θέσθαι
543 1590 685 1674 δηλῶσαι
708 1589 800 1674 σφῶν
828 1582 937 1653 αὐταῖν
968 1585 1028 1672 τήν
1056 1608 1182 1671 παρου·

41 1691 159 1769 τοσίαν
179 1693 315 1771 βασιλεῖ
329 1691 392 1754 τῶν
412 1690 553 1775 Περσῶν
559 1735 570 1771 ,
591 1689 667 1773 πρίν
687 1680 709 1770 ή
729 1688 765 1752 ἔκ
780 1691 837 1771 τῆς
856 1689 1022 1770 βασιλίδος
1042 1686 1181 1773 ἀφεθείη

79 1785 289 1873 Φερογδάθης
312 1783 328 1851 o‘
350 1792 491 1875 Περσῶν
511 1784 717 1874 πρεσβευτής.
754 1789 978 1873 προελθόντων
1000 1788 1036 1852 δὲ
1054 1785 1110 1851 καί
1128 1808 1182 1850 κε-

77 1892 252 1972 κινημένων
271 1883 357 1952 ἐσότι
390 1890 547 1954 πλείστων
572 1884 691 1970 λόγων,
722 1889 873 1969 ἐκπέμπει
890 1884 947 1952 τὸν
972 1883 1182 1973 Φερογδοίθην

75 1983 95 2051 δ
118 1986 272 2069 βασιλεδς
292 1985 348 2052 ἐπί
365 1984 511 2071 τούτοις,
535 1979 582 2062 οἷς
606 1983 646 2070 δή
677 1985 732 2052 καί
751 1985 813 2074 πρὸ
845 1991 904 2052 τοῦ
925 1983 1093 2074 ἐγεγράφει
1122 1976 1274 2053 decincti

77 2085 141 2154 τῶν
156 2086 323 2169 Ῥωμαίων
343 2092 518 2174 πρέσβεων.
544 2090 722 2174 ἐκεχειρίαν
742 2091 780 2153 δὲ
801 2082 840 2152 οδ
859 2113 890 2153 τι
920 2080 997 2177 ᾤετο
1027 2089 1093 2152 δεῖν
1123 2087 1186 2153 tut

40 2185 234 2272 ιόμήκιστον
252 2183 364 2274 χρόνον
389 2187 550 2254 ἐνδιδόναι
571 2191 728 2273 Πέρσαις·
749 2180 974 2273 ἆποχρήνγοὶρ
997 2184 1118 2271 ἔφασκε
1133 2188 1181 2273 τῷ

77 2289 261 2375 βουλομένῳ
282 2285 339 2371 τήν
360 2283 489 2373 εἰρήνην
510 2288 565 2351 καί
582 2284 627 2369 μή
651 2284 704 2351 διδ
724 2291 783 2370 τής
815 2289 872 2350 τοῦ
890 2286 1009 2371 χρόνον
1037 2286 1181 2361 πλείονος

37 2410 41 2414 ’
78 2383 204 2470 α’ποίτης
222 2389 495 2474 προμηθευομένηι
516 2390 721 2470 παρασκευῆς
750 2383 919 2471 α’φορμήν,
953 2386 1010 2448 καί
1038 2379 1097 2448 δύο
1116 2408 1181 2467 μη-

77 2490 143 2552 νῶν
164 2481 186 2571 ἢ
207 2484 304 2571 τριῶν
330 2483 553 2574 παραδρομήν.
583 2477 715 2551 notorie
743 2479 863 2570 δαήρεν
889 2485 945 2549 ἐπὶ
974 2490 1041 2559 τοῖς
1060 2489 1179 2586 τοροῖσ-

79 2589 116 2652 δε
136 2584 153 2649 δ
178 2581 390 2672 Φερογδδθης
410 2589 523 2652 ἐκτοῦ
543 2588 734 2664 Βυζαντίου.

37 2708 81 2753 ao
165 2683 220 2750 ιθ.
257 2683 325 2752 Ὅτι
341 2687 502 2769 Ῥωμαῖοι
523 2684 579 2750 καί
597 2689 727 2773 Πέρσαι
741 2680 969 2772 ’ξυνεστήσαντο
992 2678 1033 2749 ἂν
1054 2681 1111 2770 τήν
1131 2678 1318 2804 εί-βνάὒ-ἕδο

81 2782 196 2870 ρήνην,
225 2787 256 2850 εἷ
273 2783 322 2870 μή
351 2781 501 2872 Χοσρόης
535 2776 634 2874 ᾤχετο
668 2788 702 2865 ἐξ
722 2780 901 2872 ἀνθρώπων
924 2784 980 2851 καί
1002 2755 1306 2880 Ὁρμιλιδοιςήίήέἒᾶ

79 2881 99 2950 δ
119 2883 271 2971 Χοορόοιί
280 2935 292 2969 ,
319 2883 525 2969 α’νοσιουργός
546 2878 642 2963 ὅντως
661 2883 743 2971 οἶνήρ
754 2935 764 2970 ,
783 2884 841 2972 τήν
870 2889 998 2971 κίδαριν
1018 2882 1176 2970 οδνεδήσα·

75 3006 126 3051 το.
156 2978 248 3066 οἶμαι
275 2986 335 3068 μὲν
364 2976 422 3052 οὖν
451 2983 548 3069 ἔγωγε
576 2987 633 3050 οὐκ
662 2979 789 3067 ἄλλως,
821 2984 904 3070 πλήν
930 2983 1012 3051 citici
1050 2987 1109 3071 κοιδ
1133 2980 1205 3062 eden

150 3109 253 3232 τὲτοξν
270 3105 323 3228 dei.
337 3104 370 3158 N.
413 3084 471 3160 ¹15.
485 3102 613 3178 δπεχρῆν
631 3105 704 3177 vulg.
760 3123 801 3160 aa.
821 3103 910 3164 ὄντας
929 3103 973 3167 Η.,
995 3098 1085 3163 οὕτως
1101 3104 1182 3187 ταλς.Ι

151 3195 167 3230 a
188 3214 193 3226 .
212 3195 251 3237 ας
270 3196 306 3233 vu
319 3193 343 3246 g.
912 3208 917 3220 .

75 3285 231 3344 stabiliant.
267 3289 365 3359 Quae,
388 3294 421 3343 ut
439 3290 475 3342 ad
495 3290 599 3341 exitum
629 3284 833 3355 perducantur,
859 3292 970 3357 oportet
991 3285 1061 3339 beili
1084 3287 1174 3338 inter·

73 3361 237 3414 missionem
256 3361 342 3413 fieri.'’
378 3361 469 3431 Atque
488 3359 557 3412 haee
574 3374 589 3410 e
611 3357 692 3409 istola
709 3355 839 3411 Chosrois
859 3356 1082 3410 continebantur.
1099 3357 1175 3409 Dum

73 3430 274 3502 Pherogdates‚
293 3430 434 3484 Persarum
458 3433 527 3500 regis
545 3374 661 3498 iegdtus,
679 3429 709 3480 in
727 3430 799 3499 regia
817 3427 885 3481 urbe
903 3447 964 3482 curn
983 3426 1098 3482 Tiberio
1116 3429 1175 3479 lm-

73 3510 204 3573 peratore
230 3503 323 3571 piures
346 3501 405 3555 dies
422 3503 566 3572 transigit,
591 3499 733 3552 Zachariae
752 3509 780 3552 et
806 3499 976 3564 Theodoro,
1008 3501 1060 3571 qui
1082 3498 1113 3552 in
1129 3498 1174 3551 le·

74 3574 216 3642 gationem
234 3572 351 3641 proiecti
369 3580 466 3637 erant,
484 3589 534 3643 pcr
552 3570 658 3623 litteras
677 3572 854 3639 significatur,
874 3578 905 3623 ut
925 3571 956 3623 in
974 3571 1091 3624 Oriente
1109 3569 1176 3622 sub-

74 3645 193 3706 sistant,
216 3660 307 3716 neque
334 3662 414 3697 suum
440 3644 588 3695 adventum
615 3642 760 3696 Persarum
788 3643 846 3713 regi
872 3642 996 3696 indicare
1022 3643 1175 3707 festinent,

73 3714 236 3784 priusquam
256 3732 271 3766 a
289 3717 363 3785 regia
382 3715 450 3767 urbe
474 3711 657 3781 Pherogdates
675 3714 711 3766 sit
734 3713 869 3766 dimissus.
906 3710 1031 3766 Tandem
1052 3716 1176 3783 Impera·
1204 3702 1217 3722 ⁸

73 3790 120 3836 tor
138 3784 327 3854 Pherogdaten
346 3785 478 3850 dimittit,
497 3801 558 3836 cum
578 3783 680 3836 multos
705 3801 767 3836 cum
793 3785 843 3838 iilo
868 3783 1013 3837 habuisset
1036 3799 1176 3837 sermones

74 3852 111 3907 de
133 3853 186 3919 his,
212 3872 286 3928 quae
311 3858 387 3925 prins
411 3854 446 3905 ad
473 3856 655 3908 Romanorum
676 3855 779 3925 legatos
802 3856 954 3926 scripserat.
991 3854 1118 3908 inducias
1144 3855 1177 3907 in

71 3924 266 3994 longissimum
285 3934 393 3997 tempus
411 3927 499 3979 Persis
524 3921 713 3978 concedendas
732 3943 790 3978 esse
808 3942 866 3978 non
880 3924 1005 3995 putabat
1041 3924 1176 3978 Sufficero

73 3997 149 4049 enim
169 3996 290 4051 duorum
308 4005 357 4051 aut
375 3996 458 4048 trium
478 3998 613 4050 mensium
632 3996 752 4065 spatium
771 3997 816 4059 ei,
846 3997 895 4067 qui
913 3998 985 4048 bona
1003 3994 1057 4048 fide
1076 4008 1175 4063 pacem
1223 3995 1224 3999 ’

72 4068 146 4119 tueri
165 4068 349 4131 instituisset,
369 4082 461 4139 neque
486 4085 537 4139 per
562 4066 686 4120 fraudem
712 4067 844 4138 longioris
869 4067 1000 4135 temporis
1024 4071 1172 4134 apparatus

70 4137 200 4262 hincinde}
214 4141 389 4192 occasionem
399 4146 552 4210 quaereret.
591 4138 641 4191 His
654 4141 694 4191 ita
712 4138 844 4192 coniectis
863 4135 990 4190 discessit
1006 4153 1022 4188 a
1039 4133 1172 4202 Byzantio

114 4225 144 4260 er
201 4220 269 4264 ates.

146 4226 187 4350 δή
225 4279 340 4335 Romani
362 4286 390 4333 et
404 4280 499 4334 Persae
520 4296 586 4333 saue
604 4296 700 4348 pacem
724 4281 871 4340 iecissent,
895 4277 950 4329 nisi
975 4273 1110 4327 Chosroiis
1136 4290 1172 4328 ex

71 4346 218 4405 hominum
237 4367 354 4404 numero
377 4351 520 4413 sublatus,
542 4358 570 4402 et
594 4349 771 4414 Hormisdns,
798 4352 858 4401 eius
884 4347 974 4408 iilius,
1000 4345 1100 4398 ferocis
1124 4344 1171 4396 in·

71 4423 148 4489 genii
166 4423 222 4486 vir,
247 4422 335 4476 cidari
356 4420 500 4477 redimitus
522 4421 628 4474 suisset.
666 4421 719 4474 Sed
745 4431 802 4472 tum
823 4435 948 4489 quoqne,
967 4417 1076 4487 opinor,
1097 4413 1181 4469 nihil·

71 4491 152 4544 atiud
170 4492 347 4555 decernitur,
367 4509 450 4563 quam
470 4502 502 4544 ut
519 4488 659 4545 Zacharias
680 4499 708 4543 et
728 4489 906 4551 Theodorus,
925 4496 1063 4559 tamquam
1080 4486 1172 4540 adhuc

71 4566 221 4635 superstite
241 4562 380 4632 Chosrc‘e',
400 4562 539 4628 Persidem
557 4564 701 4619 intrarent.
736 4560 847 4620 Etenim
864 4568 931 4614 tunc
949 4561 1082 4633 temporie
1098 4574 1171 4614 non·
