2738 5228
915 118 916 122 ¹
1043 134 1045 137 ν
1079 115 1103 170 a

186 329 189 334 ,
233 227 318 317 556
378 237 601 324 nummu
617 237 768 321 'norun
796 256 838 319 ru
868 246 1060 325 axonam.
1080 255 1137 317 uu
1170 253 1313 319 raom.

231 424 277 475 ert
295 411 387 495 paulo
407 423 477 477 ante
496 412 612 473 Tiberil
632 422 781 490 mortem,
799 421 834 475 ut
854 431 873 471 a
894 408 1062 475 Menandro
1078 409 1227 493 rcrlpmm
1250 431 1313 472 erse

231 507 357 557 testatur
374 496 459 558 Theo
480 495 501 555 h
523 495 619 556 lactus
640 498 673 556 in
689 493 744 556 lib.
768 516 795 556 r.
820 515 887 576 cap.
909 493 938 553 3.

311 577 390 661 Pag.
417 518 483 677 ¹75·
499 517 534 639 d.
551 575 640 662 Mai,
654 575 699 661 9.]
719 569 755 648 ὃς
771 569 984 658 προσειαίρησε
1009 574 1049 658 τῇ
1071 571 1241 653 ‘Pomm'mr
1258 595 1313 635 no·

231 660 342 744 λιτείᾳ.
381 661 485 722 Scribe
504 652 539 732 ὃς
561 654 795 740 προσεχώρησε.
834 659 863 720 ls
883 658 1049 720 Bocolabra
1067 658 1246 732 dicebatur,
1263 660 1314 740 qui

230 764 302 803 curn
322 765 383 805 una
401 765 419 804 e
435 743 568 825 Chagani
589 742 744 824 pellicibus
761 762 953 824 congressus,
968 743 1138 823 timensque
1154 763 1194 802 ne
1206 762 1314 823 graves

229 848 342 909 poenas
362 825 478 906 lueret,
498 825 666 887 adTurcos
687 825 848 907 confugere
869 835 1023 885 statuerat.
1067 824 1128 885 Sed
1151 826 1183 884 in
1208 827 1313 884 itincre

230 919 366 990 eaptusa
386 911 523 973 Romano
543 908 639 987 duee,
656 908 695 970 ad
709 908 888 969 Mauricium
912 907 1128 989 lm1>eratorem
1155 909 1312 969 transmis-

231 1012 282 1054 sus
298 1003 362 1067 est,
388 1004 423 1053 ut
445 992 537 1054 refert
554 990 799 1074 Theophylactus
816 993 848 1052 in
860 1011 925 1072 cap.
943 990 974 1051 8.
992 990 1062 1051 libri
1082 991 1182 1073 primi.

314 1076 396 1137 Haec
415 1086 504 1150 sunt,
521 1095 600 1157 quae
621 1075 660 1135 ad
679 1073 837 1135 Menandri
856 1073 1014 1134 historiam
1039 1072 1112 1134 olim
1141 1075 1172 1134 in
1196 1071 1311 1135 schedis

232 1169 467 1240 mutaveram,
492 1159 644 1238 scriptoris
671 1158 788 1232 eximii,
821 1158 905 1217 cuius
935 1154 1065 1238 elogium
1105 1157 1202 1217 habes
1234 1155 1310 1237 apud

230 1230 494 1324 Theophylactum
525 1240 556 1299 in
579 1237 634 1301 lib.
662 1262 691 1303 ι.
720 1261 788 1321 cap.
815 1240 857 1317 3,
881 1241 935 1322 qui
955 1243 1045 1300 etiam
1069 1240 1134 1301 eius
1153 1239 1310 1300 historiam

229 1326 425 1387 continuavit.
466 1324 543 1384 Sunt
561 1334 591 1383 et
610 1322 669 1384 alia
688 1322 848 1383 Menandri
869 1323 1035 1405 fragmenta
1053 1321 1210 1383 luculenta
1234 1321 1309 1402 apud

230 1406 356 1467 Suidam
377 1409 409 1469 in
423 1428 455 1468 v.
471 1404 675 1487 Μένανδρος,
696 1405 778 1487 quod
797 1404 998 1486 fragmentum
1013 1404 1198 1486 descriptum
1218 1415 1262 1464 est
1279 1426 1309 1464 er

229 1487 390 1568 Prooemio
410 1489 604 1550 historiarum
629 1487 813 1565 Menandri,
831 1490 863 1548 in
883 1510 945 1571 quo
963 1489 1002 1548 de
1020 1509 1076 1548 suo
1098 1510 1210 1570 genere
1228 1508 1310 1567 prae·

229 1569 310 1633 fatus
330 1572 446 1650 fuerat,
496 1571 601 1631 roinde
622 1581 657 1630 ut
676 1570 841 1652 Agathino,
866 1573 952 1632 cuius
975 1570 1132 1631 historiam
1152 1570 1309 1632 continna-

229 1651 294 1714 bat.
337 1655 391 1715 Est
408 1665 438 1714 et
458 1594 541 1714 aliud
561 1652 761 1735 fragmentum
780 1652 861 1713 illius
879 1654 960 1736 apud
978 1653 1103 1714 Snidam
1124 1657 1157 1714 iu
1178 1675 1211 1717 v.
1237 1651 1309 1713 a'ue·

228 1731 409 1898 tlttttt’
430 1729 818 1901 bilbilitani
842 1737 874 1879 {l
894 1729 1163 1880 illitati?
1173 1733 1309 1879 dail.

402 1863 412 1894 ‚
1296 1851 1309 1863 .

106 1895 108 1901 ’
228 1907 387 1982 tegemate.
431 1902 507 1964 lte'm
523 1904 557 1962 in
580 1900 778 1977 Μαυρίκιος,
793 1901 832 1962 de
850 1900 990 1963 laudibus
1017 1903 1159 1963 Mauricii
1180 1900 1309 1981 Magistri

228 1981 361 2044 militum
379 1984 524 2046 Orientis.
569 1985 645 2045 ltem
666 1984 697 2044 in
722 2003 797 2044 voce
818 1984 1034 2054 onnlr'ureret
1048 1984 1081 2044 in
1107 1984 1308 2065 Τανχοσδροῖ.

230 2064 279 2126 Ne
299 2069 365 2148 quia
385 2079 486 2130 autem
504 2071 643 2145 miretur,
664 2066 738 2127 haee
760 2066 927 2149 fragmenta
952 2067 1027 2128 adeo
1045 2066 1172 2130 confusa
1191 2089 1226 2129 ac
1243 2088 1308 2150 per·

228 2147 350 2213 turbata
372 2149 411 2211 ad
431 2173 486 2212 nos
505 2151 696 2234 pervenisse,
716 2148 888 2211 meminisse
902 2150 992 2212 debet
1010 2150 1131 2223 Lector,
1158 2149 1239 2211 hanc
1252 2149 1309 2210 edi·

228 2231 342 2293 tionem
364 2253 400 2293 er
422 2233 540 2295 duobus
571 2232 657 2295 MSS.
690 2231 878 2293 codicibnsa
904 2232 1023 2293 Davide
1046 2231 1230 2295 Hoeachelio
1252 2254 1310 2294 esne

228 2317 459 2394 concinnatam,
479 2317 570 2377 Boico
591 2314 704 2377 scilicet
728 2325 758 2375 et
770 2314 912 2376 Andreae
927 2314 1060 2391 Schotti,
1084 2337 1219 2398 quorum
1237 2314 1308 2376 alter

229 2394 325 2457 altero
352 2398 496 2480 integrior
525 2400 605 2476 fuit,
633 2408 668 2456 ut
696 2401 728 2458 in
758 2398 942 2479 praefatione
960 2399 1079 2459 monuit
1102 2397 1307 2460 Hoeschelius.

228 2478 317 2539 Duae
338 2480 465 2561 proinde
481 2480 592 2541 horum
609 2480 706 2540 Excer
726 2490 829 2541 torum
846 2479 1037 2542 collectiones
1060 2481 1187 2542 filerunt
1194 2527 1209 2560 v,
1231 2481 1307 2565 quod

160 2578 161 2583 ’
222 2579 322 2641 ¹supra
339 2564 372 2624 in
384 2564 464 2623 notis
483 2562 653 2624 observavi.
696 2503 799 2645 ltque
813 2562 886 2624 huic
903 2567 987 2647 operi
1006 2565 1087 2624 idem
1100 2565 1228 2626 videtur
1244 2587 1308 2626 oon-

229 2643 343 2724 tigime,
379 2646 460 2743 quod
489 2645 692 2708 Bibliothecae
715 2647 840 2721 Phorii,
856 2650 918 2707 *cui
942 2647 1037 2708 altera
1062 2648 1202 2709 eiusdem
1226 2670 1308 2731 argr-

230 2730 324 2787 menti
349 2729 464 2789 adiecta
485 2740 544 2807 est,
563 2740 598 2789 ut
623 2738 705 2810 patet
735 2751 768 2790 er
791 2729 898 2791 iisdem
911 2730 1118 2816 auctoribus,
1138 2732 1195 2815 qui
1216 2732 1310 2794 bisin

228 2809 281 2876 ille
295 2810 479 2877 Bibliotheca
493 2812 634 2898 descripti
654 2813 858 2896 reperiuntur.
