2774 5106
6 102 87 186 '0'

3 253 151 335 αζόμενοι
170 253 338 335 όπενόουν,
370 247 450 318 cilici
473 250 601 328 κοντοός
622 250 767 334 όψηλοός
795 241 1062 338 προπαρδσκευό-

8 351 193 435 ντες,ιλίνον
212 355 260 418 ἐπ’
281 346 398 435 ἄκροιςι
411 353 519 427 αότοῖς
539 347 774 435 προσδήσαντες
790 354 846 418 καί
862 356 959 431 θεῖον,
983 355 1062 414 πολ·

17 450 45 529 ’ς
66 446 153 536 εἶχον
173 446 336 534 ἓτοᾲιους,
359 452 398 516 ei«
409 475 481 516 ποτε
499 455 681 533 βιασθεῖεν,
696 445 824 516 ἅπασαν
845 450 980 536 όφόψαι
1000 446 1059 532 τὴν

6 559 67 618 λιν.
108 553 165 617 καί
191 550 209 617 ό
239 554 300 636 μέν
329 553 523 635 Θευδὲριχος
552 546 652 626 οότοις
682 547 885 637 όπεχιόρησε.
924 545 1060 623 rededi

1 650 39 738 ρι’
59 651 244 736 Προκόπιον
271 654 328 716 καί
359 648 547 733 Βοόσαλβον
576 644 726 726 πολλάκις
747 652 949 717 ἀποστέλλων
968 646 1080 733 παρό5

12 752 164 835 υδερίχου
185 747 303 839 ἐξῄτει,
330 745 480 834 ἔνδειγμα
500 755 554 833 τῆς
573 748 697 824 εόνοίας
717 748 774 814 καί
792 743 977 824 εόπειδειλις
997 751 1061 813 ου’-

3 875 20 916 ν
38 853 131 915 τοῦτο
150 849 249 930 α’ξιῶν
268 850 504 934 παρασχέσθαι.
548 847 565 912 ό
588 850 624 914 δὲ
644 844 746 913 πάντα
764 851 824 929 μὲν
844 844 930 931 ἔλεγε
949 850 1060 913 narte-

9 973 44 1014 αι
64 954 109 1038 τῷ
127 954 271 1032 βασιλεῖ,
293 946 339 1033 μὴ
359 952 468 1028 μέντοι
490 942 576 1013 όσιον
595 950 626 1012 Γ
624 945 751 1041 ότδοις,
773 943 878 1032 οἵσπερ
900 948 978 1014 ου’δέ
999 940 1069 1012 όίλ·

14 1046 252 1133 ς’όνδροόποις,
284 1045 389 1124 ἱκέτας
415 1049 472 1111 καί
497 1048 654 1133 σωτηρίας
677 1047 844 1128 δεομένους
866 1040 1060 1129 οἷνθροόπους

0 1167 28 1223 ’ς
55 1151 164 1229 λαβεῖν
189 1150 393 1230 βουλομένοις
407 1142 581 1213 ,ἐκδιδόναι
609 1147 798 1231 προχείρως.
838 1147 893 1234 έᾷν
914 1137 974 1210 οόν
995 1146 1119 1222 aii-10

5 1243 34 1322 ’ς
53 1244 162 1331 η’ξίου,
182 1243 296 1330 μηδενί
314 1243 395 1330 πλὴν
415 1238 434 1330 ἢ
457 1241 518 1310 όσα
539 1247 595 1334 ζῇν
615 1243 775 1331 όχληροός
792 1246 971 1326 ἐσομένους.
1002 1244 1061 1309 καὶ

23 1347 84 1428 μὲν
112 1340 194 1412 oriem
222 1342 331 1434 βραχό
361 1370 391 1411 τι
420 1341 531 1429 γήδιον
559 1340 729 1428 νεμόμενοι
759 1342 847 1432 παρὰ
871 1345 1057 1435 Θευδεριχιρ

16 1468 83 1530 γον.

40 1540 87 1630 γ’.·
112 1539 179 1611 Ὅτι
213 1540 328 1630 Ζήνων
359 1544 440 1631 όνηρ
463 1539 509 1610 ιόν
542 1539 699 1628 ἀπόλεμος
727 1538 827 1629 δι’γαν,
861 1546 1057 1626 καδπολλῆς
1159 1538 1166 1547 ’

40 1639 161 1727 αχόδεν
190 1646 332 1732 ταραχῆς
365 1641 566 1731 ἐφεστώσης,
594 1643 674 1729 ἔγνω
704 1644 786 1731 πρός
813 1642 870 1710 τόν
887 1644 1114 1730 Βόνδηλονιῶ

32 1738 231 1828 Καρχηδόνα
261 1738 531 1828 πρεσβεύσασθαι.
572 1745 629 1807 καί
648 1747 789 1827 Σευῆρον
807 1745 842 1809 ἐκ
862 1747 918 1828 τῆς
937 1745 1055 1827 βουλῆς

1 1841 154 1929 sodeuris
181 1840 338 1929 αἱρεῖται,
366 1835 470 1929 ἄνδρα
498 1841 554 1908 κατ’
574 1845 768 1931 σωφροσύνη
804 1846 971 1929 διαφέρειν
1003 1845 1054 1907 δο·

2 1946 77 2008 ”ντα
97 1943 155 2006 καί
170 1945 214 2032 τῷ
237 1942 360 2007 ἐθέλειν
378 1940 417 2007 τό
440 1945 558 2008 δίκαια.
600 1947 657 2008 καί
677 1946 843 2027 πατρίκιον
863 1941 964 2007 αότόν
984 1965 1052 2006 ποι-

1 2064 41 2117 ας
63 2042 253 2124 α’ποπέμπει,
274 2037 358 2118 όπιος
377 2044 412 2107 dx
432 2046 488 2126 τῆς
510 2036 602 2121 ἇξιάς
622 2046 679 2126 τῆς
699 2044 867 2127 πρεσβείας
886 2038 922 2107 τό
945 2047 1051 2126 σχῆμα

19 2140 190 2206 ασκευόσοι
209 2139 404 2226 σεμνότερον.
444 2140 534 2206 καίό
556 2144 617 2224 μέν
638 2144 821 2221 ἐξέπλευσεν
833 2190 843 2223 ,
866 2139 885 2205 ό
908 2143 944 2207 δὲ
964 2137 1082 2212 Eds-ao
1124 2142 1193 2191 ⁶
1270 2143 1271 2146 '
1317 2220 1320 2233 Ι

20 2261 54 2314 ος
79 2237 206 2322 μαδτόν,
227 2235 276 2304 ότι
295 2236 366 2324 ἥξοι
392 2240 560 2327 πρεσβεύοι,
591 2237 721 2327 φθάσας
742 2238 877 2305 ἔκπλουν
896 2250 1048 2320 ποιεῖται,
1240 2232 1242 2235 ’
1316 2226 1352 2253 ”’

1 2338 16 2398 ι’
37 2332 211 2402 Νικόπολιν
229 2331 323 2403 εἶλεν.
363 2335 381 2402 ό
412 2341 448 2404 δέ
471 2337 668 2424 πρεσβευτὴς
687 2342 828 2425 Σευῆρος
848 2337 965 2424 διαβὰς
986 2336 1048 2403 cini

1280 464 1289 513 .-

1269 396 1367 637 “Ee

1357 501 1381 610 ⁸*

1286 770 1329 807 3
1301 681 1322 731 -Ί

1250 652 1306 905 ask-²³⁴⁸·

1240 926 1385 1474 {mazze

1241 1484 1384 1895 ἷῑῑὶὲ

26 2459 160 2604 ρηέξηέρὲι
178 2462 227 2529 Β.,
244 2463 334 2532 ἐζήτει
350 2465 423 2536 rulg.
480 2483 520 2526 ιο.
539 2465 591 2538 teis
607 2466 651 2532 N„
669 2456 810 2537 cervum
885 2468 925 2521 ra.
943 2470 982 2537 egi
1000 2467 1049 2530 11..

1 2648 80 2698 'unum
97 2661 176 2699 suurn
195 2644 283 2698 lsauri
303 2644 452 2710 habebant,
472 2649 496 2700 si
513 2647 540 2702 ri
559 2654 736 2717 cogerentur,
755 2644 831 2698 baud
851 2644 960 2715 placide
980 2644 1048 2700 urbe

8 2732 61 2770 ere.
98 2719 194 2789 ltaque
220 2725 316 2769 contos
345 2719 526 2789 praegrandes
544 2725 789 2787 praeparaverant,
815 2733 933 2787 quorum
951 2719 982 2768 in
1001 2733 1049 2769 ea·

0 2805 43 2839 ιιιι
61 2795 139 2856 parte
171 2788 258 2839 linum
286 2803 347 2840 cum
365 2789 497 2857 sulphure
517 2787 711 2859 alligarerant,
741 2795 769 2840 et
786 2787 810 2838 si
830 2787 884 2839 sibi
902 2791 943 2840 vis
963 2786 1049 2839 inier-

20 2877 48 2920 r,
67 2858 217 2910 multorum
234 2858 353 2922 auxilio,
372 2876 440 2930 quos
459 2860 514 2912 sibi
535 2860 772 2921 consociaverant,
800 2857 896 2910 urbem
917 2858 1047 2910 incendio

1 2945 77 2980 :mare
106 2930 315 2981 constituerant
350 2930 385 2982 Et
413 2932 452 2981 ita
469 2928 679 2983 Theodericbus
707 2929 840 2981 discessit.
883 2929 1048 2997 Procopium

1 3014 20 3049 o
40 3007 68 3050 et
84 2997 232 3050 Bosalbom
255 3000 365 3069 saepius
384 3017 399 3050 a
418 2999 612 3053 Tbeurlericbo
632 2998 687 3052 sibi
712 2997 783 3050 tradi
810 2999 935 3068 petebat,
968 2999 1048 3052 utin

27 3084 103 3118 ruam
122 3085 184 3141 erga
210 3085 239 3121 se
257 3069 480 3122 benevolentiam
499 3080 527 3123 et
545 3072 708 3140 obsequium
728 3067 886 3120 declararet.
924 3068 980 3121 Sed
999 3070 1047 3120 ille

7 3137 113 3200 uadit,
143 3138 302 3211 sequidem
328 3141 357 3190 iu
381 3142 509 3194 omnibus
528 3142 601 3193 dicto
620 3139 779 3192 audientem
798 3140 857 3191 fore
874 3139 1048 3207 Imperatori,

2 3224 48 3259 cn
74 3207 155 3259 neias'
178 3224 236 3261 esse
255 3208 371 3273 Gothis,
398 3211 470 3264 sicut
490 3220 518 3264 et
537 3212 634 3263 ceteris
651 3206 831 3270 mortalibus,
857 3211 999 3278 supplices
1019 3218 1048 3262 ct

1 3297 12 3341 ι,
31 3280 80 3349 qul
98 3279 213 3330 salutern
223 3288 385 3347 precentur,
403 3280 461 3345 bia,
480 3284 528 3353 qui
548 3298 595 3334 eos
613 3279 844 3348 comprehendere
857 3281 964 3345 velint,
982 3296 1047 3350 pro-

11 3372 27 3397 ·.
64 3348 116 3400 Eoo
136 3348 219 3418 igitur
238 3357 269 3400 ut
287 3352 442 3413 omitteret,
462 3352 572 3413 orabat,
590 3352 750 3421 pracsertim
764 3366 824 3402 com
839 3350 916 3402 nulla
933 3368 973 3409 re,
993 3351 1047 3404 nisi

0 3418 30 3471 ·d
50 3420 190 3482 virerent,
216 3427 308 3471 essent
331 3421 441 3473 molesti
466 3423 568 3485 futuri,
593 3430 622 3473 et
645 3422 691 3473 illi
717 3420 829 3493 quidem
857 3419 933 3490 apud
952 3421 1046 3473 Theo·

1 3488 114 3568 ichen,
132 3487 208 3560 quod
221 3490 359 3562 reliquum
373 3494 445 3544 vitae
458 3493 520 3558 luit,
537 3492 674 3546 modlcuan
693 3508 787 3563 agrum
806 3491 937 3557 colentes,
957 3501 1047 3546 trans·

1 3567 77 3613 ,runt-
661 3568 665 3573 ’
1013 3597 1019 3607 ,

23 3632 47 3682 3.
85 3627 153 3680 Cum
169 3631 250 3684 multi
266 3631 391 3702 undique
409 3633 542 3685 tumultus
562 3632 651 3685 exorti
669 3640 776 3695 essent,
793 3631 912 3693 Zenoni,
938 3628 1045 3683 bomini

5 3699 100 3752 odom
120 3700 247 3765 imbelli,
276 3703 353 3754 venit
377 3702 406 3753 in
424 3711 542 3756 mentem
561 3703 596 3754 ad
611 3703 764 3755 Vandalum
792 3702 959 3771 legationem
977 3701 1044 3754 Car-

0 3771 89 3825 iucm
109 3772 231 3833 mittere,
252 3780 280 3823 et
288 3772 417 3824 Severum
435 3791 469 3825 ex
491 3782 588 3826 senatu
607 3776 725 3845 legatum
745 3772 851 3841 deligit,
876 3771 975 3832 virum,
994 3773 1043 3841 qni

8 3843 135 3909 perantia
149 3851 177 3895 et
194 3842 302 3894 iustitia
318 3851 456 3913 praestare
475 3845 696 3897 existimabatur:
714 3845 825 3913 itaque,
844 3849 876 3893 ut
894 3841 921 3894 le
939 3843 1039 3895 ationis

6 3911 80 3962 itati
98 3913 186 3964 maius
206 3911 290 3964 decus
308 3912 438 3978 adderet,
464 3917 609 3984 patricium
628 3932 690 3968 eum
717 3915 827 3967 crearit.
860 3912 962 3965 Etile
980 3913 1043 3982 qui·

3 4008 5 4021 =
30 3981 174 4054 navigavit
212 3981 268 4036 Sed
284 3982 509 4051 turdelam-ubi
530 3985 629 4042 didicit
647 3987 813 4059 legationem
832 3981 868 4036 ad
892 3973 922 4036 s'e
940 3985 1041 4046 venire,

25 4139 78 4155 -21

111 4169 166 4189 Ἦν,

196 4199 239 4214 ἠ

281 4229 333 4247 W,
