2774 5106
334 572 599 640 nunusnonr
628 577 831 644 nrsronrt.
1035 539 1147 669 289‘

36 725 98 812 ἔγεό
120 727 248 813 παρέξω
268 727 326 789 τού
344 725 498 813 ἡμετέρου
519 727 637 813 πατρός
654 729 688 795 τό
708 734 790 819 πέρα
806 735 864 798 τοῦ
882 735 1003 813 δέοντος
1019 738 1256 823 irruo-Addet

33 829 154 907 μένους
172 821 262 915 ὑμᾶς
277 826 323 911 τῷ
349 827 497 910 πρέποντι
522 827 743 915 σωφρονίζειν·
775 830 873 920 όγόρ
893 835 1064 921 μεταρρυθ
1099 814 1228 888 ΨΜ

33 927 104 1004 ζων
130 921 208 1000 τούς
232 917 384 1002 ἀτάκτους
415 927 479 1001 τῶν
497 930 671 1010 λογισμῶν,
704 928 758 994 κατ’
776 924 880 1018 ὥσπερ
901 930 1061 999 παιδεύων
1080 958 1118 1000 τε

33 1025 95 1089 καί
126 1021 308 1087 α’νακόπτων
336 1026 392 1106 τῆς
418 1025 467 1087 ἔπ’
488 1025 610 1114 ὀλέθρῳ
636 1030 698 1092 τεόν
718 1029 978 1112 αύθαδιζομένων
997 1029 1121 1119 όρμῆς,

34 1117 227 1209 α’φθήσεται
253 1117 334 1184 κατό
363 1119 400 1186 τὸ
426 1124 548 1204 μᾶλλον
577 1127 742 1210 εύεργέτης
762 1121 841 1212 ἥπερ
864 1127 881 1192 ό
898 1129 1036 1215 χορηγός
1062 1135 1120 1216 τῆς

33 1223 184 1306 τρυφῆς,
211 1215 246 1295 iic
276 1226 380 1306 φιλεῖν
405 1223 465 1302 μέν
486 1225 587 1305 δοκεῖ,
607 1226 798 1312 προφάσεως
821 1229 856 1292 δὲ
874 1234 992 1313 μικρᾶς
1015 1231 1125 1295 dusia-

33 1318 174 1401 θόμενος
200 1317 251 1383 τόν
285 1321 383 1403 δῆθεν
402 1314 663 1406 εὐεργετούμενον
684 1323 838 1413 ἠφάνισεν
858 1326 987 1403 εδθέως.
1030 1320 1148 1395 durren

33 1419 211 1502 τοιγαροῦν
230 1422 374 1484 πλεῖστον
399 1417 565 1504 πριάμενοι
598 1427 672 1509 παρ’
692 1420 782 1508 ἡμῶν
813 1417 872 1489 κόν
891 1428 969 1508 γοῦν
992 1425 1026 1492 έν
1047 1428 1125 1505 ζῶσι

33 1523 148 1599 τελεῖγ,
163 1513 219 1580 καί
225 1516 297 1581 (ἔντε’
312 1520 374 1584 τῶν
390 1518 580 1612 Ῥωμαϊκῶν
596 1523 770 1607 χρημάτων
792 1523 847 1590 τόν
865 1528 939 1588 καθ’
961 1524 1044 1610 ἡμᾶς
1064 1528 1125 1612 φό-

33 1621 95 1681 eor
113 1617 161 1690 εἰς
180 1618 337 1701 σωτηρίαν
357 1615 527 1704 εἰληφότες.
548 1613 618 1685 ούτε
639 1618 698 1707 γὰρ
721 1621 866 1706 δεηθείην
885 1626 959 1691 ποτὲ
980 1627 1036 1709 τῆς
1049 1630 1127 1690 καθ’

33 1714 128 1798 ύμᾶς
141 1718 335 1798 συμμαχίας,
350 1707 423 1781 ούτε
440 1740 471 1782 τι
494 1715 637 1801 λήψεσθε
659 1723 733 1813 παρ’
749 1722 838 1805 ἡμῶν
858 1715 1029 1806 ἢκαθόσον
1049 1720 1126 1807 ἡμῖν

33 1818 145 1896 δοκεῖ,
173 1809 278 1901 ὥσπερ
300 1816 444 1890 δουλείας
461 1811 594 1901 ἔρανον,
621 1818 676 1883 καί
695 1812 757 1902 ούχ
774 1819 818 1895 τός
839 1818 966 1905 οἴεσθε,
994 1828 1128 1908 φορολο-

33 1919 112 1998 γίαν
141 1909 242 1980 τινό.”
281 1917 418 1979 τοιοῦτον
445 1915 659 1992 έπεσείσαντος
691 1916 792 2005 φόβον
811 1924 868 1986 τού
886 1925 1043 2004 βασιλέως
1061 1932 1128 2000 τοῖς
1229 1960 1232 1972 ·

33 2016 193 2098 πρέσβεσι
212 2018 274 2078 τῶν
299 2011 461 2098 Ἀβύρων,
499 2014 724 2099 κατεγνωκότες
751 2021 786 2084 έκ
809 2023 871 2086 τῶν
897 2021 1069 2105 εἰρημένων
1096 2020 1128 2088 οἱ

33 2111 207 2199 βάρβαροι,
228 2109 271 2190 οἷς
292 2113 350 2175 οὐκ
371 2114 512 2191 α’νέξεται
535 2117 626 2201 σφῶν
646 2118 703 2200 τῆς
722 2121 908 2201 πλεονεξίαις,
930 2118 985 2184 καί
1005 2119 1049 2196 ὥς
1068 2116 1126 2185 ού-

33 2215 96 2278 sto
116 2211 226 2287 αύτοῖς
252 2209 298 2276 ἔτι
321 2207 489 2296 δοθήσεται
510 2203 554 2278 ὧν
572 2214 751 2295 ε’κομιζοντο
772 2214 833 2300 πρό
857 2222 931 2299 τοῦ,
951 2213 1006 2280 καί
1023 2217 1067 2295 ὦς
1085 2217 1151 2292 τόο

33 2308 154 2378 λοιπόν
174 2304 275 2386 οἷδεαῖς
295 2309 352 2374 oris
373 2313 624 2396 ε’πιδραμούνται
647 2310 703 2396 τὴν
720 2313 922 2400 Ῥωμαϊκὴν,
953 2319 988 2383 ἐν
1007 2320 1131 2383 δυσθυ-

33 2411 100 2499 μίρι
120 2433 157 2474 τε
176 2407 345 2492 ἐτύγχανον
365 2413 482 2497 πολλῇ,
513 2408 568 2474 καί
595 2408 852 2494 ἀναλογιζόμενοι
883 2405 965 2496 ἦσαν
992 2410 1064 2478 ὅποι
1086 2413 1128 2479 τό
1213 2480 1215 2483 .

33 2506 201 2596 παρόντα
217 2504 384 2595 ἐκβήσεται
411 2511 467 2573 καί
486 2505 557 2573 όποι
577 2505 674 2594 τύχης
695 2512 802 2585 αύτοῖς
822 2507 965 2598 χωρήσει
985 2511 1025 2577 τοὶ
1046 2510 1130 2597 πρύ-

33 2628 169 2691 γματα·
191 2601 265 2672 odet
284 2608 344 2694 γόρ
366 2610 471 2690 μένειν
491 2611 526 2674 ε’ν
545 2606 709 2697 Βυζαντιλρ
732 2604 866 2694 ἀνόνητα
887 2604 1023 2694 ἤθελον,
1055 2604 1129 2676 ούτε

35 2705 106 2789 μὴν
137 2698 291 2791 ἄπρακτοι
321 2707 448 2773 ἀπιέναι
476 2703 653 2789 ἐβούλοντο.
695 2703 778 2789 ὅμως
810 2711 841 2773 δ’
862 2703 920 2774 oda
944 2713 1005 2775 τῶν
1025 2713 1128 2775 κακῶν

37 2801 153 2881 αότοῖς
173 2805 378 2893 αἱρετώτερον
398 2806 543 2892 ύπῆρχεν
561 2808 772 2895 α’πονοστῆσαι
786 2807 829 2886 οἷς
842 2807 919 2886 τούς
932 2806 1125 2897 ὁμοφύλους.

1123 882 1223 940 destini
1233 903 1249 942 a

113 2974 154 3013 rr·
173 2953 246 3027 ἡμᾶς
260 2956 332 3028 vulg.
404 2959 443 3011 16.
462 2955 505 3010 ἔτι
524 2954 680 3023 detineres
699 2953 739 3024 tt,
756 2954 944 3024 ἰτδοθιίσεται
960 2958 1031 3028 vulg.

42 3136 142 3198 boam,
167 3129 262 3207 qnem'
277 3139 357 3205 poter
378 3151 471 3189 meos:
498 3137 600 3190 etenim
625 3152 672 3188 vos
696 3135 731 3188 od
748 3137 879 3200 maiores,
898 3150 979 3206 quam
998 3138 1124 3204 pareat,

43 3207 159 3277 spiritus
185 3207 306 3258 sublatos
326 3206 361 3257 nd
384 3207 551 3278 nequitatem
577 3213 606 3258 et
631 3208 738 3259 saniora
766 3207 880 3259 consilia
898 3206 1033 3261 reducam.
1069 3199 1128 3273 Qui
1173 3255 1176 3262 ,

44 3280 121 3330 ταῖσι
148 3276 292 3329 bominum
323 3276 353 3328 in
376 3279 490 3329 exitium
510 3270 697 3331 votintartum
716 3279 855 3328 ruentium
873 3277 998 3328 turbatos
1013 3275 1127 3326 affectus

44 3347 158 3400 cohibet
180 3355 208 3399 et
232 3346 393 3400 obedientes
416 3349 518 3399 rationi
536 3347 619 3410 sncit,
643 3347 841 3399 beneficentior
859 3353 901 3398 est
918 3362 968 3409 eo,
987 3345 1035 3416 qni
1053 3361 1130 3397 τοτα·

42 3427 108 3488 ptus
128 3420 159 3470 in
180 3417 293 3470 delicias
311 3418 443 3488 praebet,
460 3426 488 3469 et
506 3433 595 3468 amare
614 3417 740 3479 videtur,
757 3416 805 3468 sed
822 3417 935 3468 minima
952 3423 1059 3484 captata
1079 3431 1129 3464 oc-

43 3489 171 3552 casione,
190 3505 266 3552 eom,
286 3505 366 3558 quem
384 3488 518 3540 beneflcio
537 3488 642 3549 affecit,
664 3489 756 3539 statim
777 3488 870 3556 perdit
883 3494 910 3539 e't
927 3486 1010 3539 tollit.
1044 3483 1130 3538 Abite

43 3560 145 3630 igitur,
171 3560 220 3629 qui
246 3561 337 3627 magni
362 3560 443 3628 pretii
469 3574 525 3611 rem
548 3557 663 3610 anobis
690 3557 839 3622 obtinetis,
857 3557 932 3628 quod
948 3556 1027 3609 vobis
1046 3557 1128 3607 solvis

42 3629 110 3682 lieet
127 3630 211 3683 vitam
232 3645 376 3697 peragere,
394 3636 424 3682 et
439 3629 617 3699 pecuniarum
637 3630 712 3690 loeo,
737 3645 805 3700 quas
823 3645 839 3678 a
858 3628 984 3680 Romanis
1003 3627 1128 3695 accipere

42 3701 144 3761 vultis,
171 3702 257 3752 nostri
284 3702 409 3752 timorem
438 3699 608 3753 adsalutem
623 3707 739 3751 vestram
760 3706 904 3769 reportate.
938 3699 1035 3769 Neque
1055 3695 1129 3748 enim

43 3786 232 3839 nonunquam
260 3780 349 3824 vestro
378 3770 516 3841 egebimus
535 3769 653 3830 auxilio,
679 3785 770 3840 neque
789 3771 935 3841 quiequam
955 3786 970 3820 s
987 3767 1068 3818 nobie
1085 3782 1132 3815 sc·

44 3841 170 3909 cipietis‚
188 3839 243 3892 nisi
261 3849 392 3911 quantum
412 3840 492 3892 nobis
509 3841 597 3892 visum
615 3841 712 3903 suerit,
731 3840 814 3910 idque
831 3848 960 3910 tanquam
978 3833 1131 3889 mercedem

45 3911 204 3972 servitutis,
226 3927 281 3961 non
307 3926 355 3980 pro
381 3911 501 3972 tributo,
530 3919 562 3961 ut
588 3926 636 3962 vos
660 3909 729 3962 salso
757 3909 944 3973 existimatis.”
984 3907 1131 3972 Postquam

44 3981 198 4048 Imperator
218 3989 322 4033 tantum
340 3982 384 4032 sui
402 3988 531 4033 terrorem
549 3980 646 4049 legatie
664 3981 779 4033 Avarum
797 3979 932 4041 incussit,
951 3985 979 4028 et
997 3989 1132 4042 cognove-

44 4058 112 4102 runt
130 4067 163 4100 ex
180 4048 238 4114 bis,
256 4068 327 4121 qnae
353 4052 474 4112 dixerat,
496 4051 609 4103 minime
629 4067 690 4101 eum
714 4050 869 4120 snperbiam
888 4050 1007 4116 ipsorum
1027 4043 1131 4094 tolera·

44 4127 155 4182 turum,
172 4137 262 4190 neque
280 4122 425 4192 quicquam
444 4135 557 4183 eornm,
581 4136 651 4191 quae
668 4123 745 4188 prius
769 4123 892 4191 accipere
916 4120 1131 4175 consueverant,

45 4191 191 4252 datorum,
212 4208 262 4243 nec
280 4207 344 4242 vero
361 4193 435 4261 ipsos
452 4193 564 4260 impone
582 4190 695 4258 posthac
713 4191 881 4243 incursiones
899 4189 928 4238 in
946 4187 1014 4237 fines
1033 4183 1132 4234 Roma·

42 4278 98 4315 mos
117 4259 249 4324 facturos,
268 4262 297 4312 in
315 4278 436 4331 magnam
454 4263 539 4313 animi
559 4263 722 4313 anxietatem
741 4261 913 4318 inciderunt,
932 4264 961 4306 et
978 4268 1067 4306 seeum
1080 4270 1131 4305 co-

41 4331 183 4403 gitarunt,
208 4349 263 4400 quo
285 4332 395 4385 tandem
422 4348 463 4383 res
484 4347 592 4383 maurae
618 4338 724 4393 essent,
743 4338 772 4382 et
792 4331 853 4401 quis
872 4327 979 4377 futurus
995 4331 1066 4376 esset
1083 4339 1131 4375 ea·
1242 4335 1243 4342 ¹

41 4401 222 4456 romericus.
258 4402 316 4453 Nee
335 4403 407 4453 enim
418 4402 550 4469 Byzantii,
570 4399 793 4472 quandoquidem
810 4396 881 4449 nihii
899 4395 1028 4466 proficere
1045 4401 1129 4463 pote-

40 4478 127 4535 rent,
144 4472 309 4524 menendum
329 4470 432 4526 diutim
451 4472 624 4537 statuebant,
641 4487 731 4542 neque
753 4485 783 4522 re
801 4468 904 4522 infecta
923 4464 1062 4519 discedere
1078 4480 1129 4520 ro·

82 4575 243 4650 Dexippus,
261 4575 412 4647 Eutropius
428 4586 478 4630 etc·
904 4584 938 4639 ¹9
