<?xml version="1.0" encoding="UTF-8"?>
<!DOCTYPE html PUBLIC "-//W3C//DTD XHTML 1.0 Transitional//EN"
    "http://www.w3.org/TR/xhtml1/DTD/xhtml1-transitional.dtd">
<html xmlns="http://www.w3.org/1999/xhtml" xml:lang="en" lang="en">
 <head>
  <title>
</title>
<meta http-equiv="Content-Type" content="text/html;charset=utf-8" />
  <meta name='ocr-system' content='tesseract 3.04.00' />
  <meta name='ocr-capabilities' content='ocr_page ocr_carea ocr_par ocr_line ocrx_word'/>
</head>
<body>
  <div class='ocr_page' id='page_1' title='image "./dexippieunapiip00malcgoog_0334.png"; bbox 0 0 2774 5106; ppageno 0'>
   <div class='ocr_carea' id='block_1_1' title="bbox 383 509 1155 652">
    <p class='ocr_par' dir='ltr' id='par_1_1' title="bbox 383 509 1155 652">
     <span class='ocr_line' id='line_1_1' title="bbox 383 509 1155 652; baseline 0.006 -35"><span class='ocrx_word' id='word_1_1' title='bbox 383 557 408 617; x_wconf 83' lang='lat' dir='ltr'><strong>n</strong></span> <span class='ocrx_word' id='word_1_2' title='bbox 438 556 593 624; x_wconf 71' lang='lat' dir='ltr'><strong>uitem</strong></span> <span class='ocrx_word' id='word_1_3' title='bbox 625 560 832 626; x_wconf 75' lang='lat' dir='ltr'><strong>ursuourr.</strong></span> <span class='ocrx_word' id='word_1_4' title='bbox 998 509 1008 533; x_wconf 42' lang='lat'>³</span> <span class='ocrx_word' id='word_1_5' title='bbox 1074 535 1155 652; x_wconf 81' lang='lat'><strong>257</strong></span> 
     </span>
    </p>
   </div>
   <div class='ocr_carea' id='block_1_2' title="bbox 6 702 1298 2882">
    <p class='ocr_par' dir='ltr' id='par_1_2' title="bbox 6 702 1298 2882">
     <span class='ocr_line' id='line_1_2' title="bbox 62 702 1298 805; baseline 0.012 -35"><span class='ocrx_word' id='word_1_6' title='bbox 62 702 145 786; x_wconf 79' lang='grc' dir='ltr'><strong><em>ταχύ</em></strong></span> <span class='ocrx_word' id='word_1_7' title='bbox 168 703 382 783; x_wconf 74' lang='grc' dir='ltr'><strong>διεκπεσόντες</strong></span> <span class='ocrx_word' id='word_1_8' title='bbox 402 707 563 796; x_wconf 82' lang='grc' dir='ltr'><strong><em>όπέφυγον</em></strong></span> <span class='ocrx_word' id='word_1_9' title='bbox 584 712 629 788; x_wconf 81' lang='grc' dir='ltr'><strong>εἰς</strong></span> <span class='ocrx_word' id='word_1_10' title='bbox 648 711 683 779; x_wconf 88' lang='grc' dir='ltr'><strong>τό</strong></span> <span class='ocrx_word' id='word_1_11' title='bbox 706 717 825 797; x_wconf 77' lang='grc' dir='ltr'><strong><em>πεδίον,</em></strong></span> <span class='ocrx_word' id='word_1_12' title='bbox 848 717 905 781; x_wconf 77' lang='grc' dir='ltr'><strong><em>κατ’</em></strong></span> <span class='ocrx_word' id='word_1_13' title='bbox 923 715 981 802; x_wconf 75' lang='grc' dir='ltr'><strong><em>τήν</em></strong></span> <span class='ocrx_word' id='word_1_14' title='bbox 998 720 1154 805; x_wconf 88' lang='grc' dir='ltr'><strong><em>γέφυραν,</em></strong></span> <span class='ocrx_word' id='word_1_15' title='bbox 1165 723 1195 776; x_wconf 75' lang='lat' dir='ltr'><strong>A·</strong></span> <span class='ocrx_word' id='word_1_16' title='bbox 1208 723 1298 793; x_wconf 70' lang='grc'><strong>0479</strong></span> 
     </span>
     <span class='ocr_line' id='line_1_3' title="bbox 58 795 1295 918; baseline 0.014 -51"><span class='ocrx_word' id='word_1_17' title='bbox 58 807 138 868; x_wconf 81' lang='grc' dir='ltr'><strong><em>καθ’</em></strong></span> <span class='ocrx_word' id='word_1_18' title='bbox 163 800 205 887; x_wconf 80' lang='grc' dir='ltr'><strong><em>ἢν</em></strong></span> <span class='ocrx_word' id='word_1_19' title='bbox 232 801 441 890; x_wconf 74' lang='grc' dir='ltr'><strong><em>ὑπερέβησαν,</em></strong></span> <span class='ocrx_word' id='word_1_20' title='bbox 463 808 584 887; x_wconf 85' lang='grc' dir='ltr'><strong><em>εύθέως</em></strong></span> <span class='ocrx_word' id='word_1_21' title='bbox 615 810 796 895; x_wconf 78' lang='grc' dir='ltr'><strong><em>α’νελόντες,</em></strong></span> <span class='ocrx_word' id='word_1_22' title='bbox 829 811 851 897; x_wconf 76' lang='grc' dir='ltr'><em>ἢ</em></span> <span class='ocrx_word' id='word_1_23' title='bbox 880 814 1022 901; x_wconf 81' lang='grc' dir='ltr'><strong><em>φάραγγι</em></strong></span> <span class='ocrx_word' id='word_1_24' title='bbox 1042 795 1295 918; x_wconf 48' lang='grc' dir='ltr'><strong>βαθειίηιέὶζηηξηδ</strong></span> 
     </span>
     <span class='ocr_line' id='line_1_4' title="bbox 57 898 1268 996; baseline 0.016 -31"><span class='ocrx_word' id='word_1_25' title='bbox 57 904 248 985; x_wconf 71' lang='grc' dir='ltr'><strong><em>ἕπέζεοκτο,</em></strong></span> <span class='ocrx_word' id='word_1_26' title='bbox 264 908 367 988; x_wconf 88' lang='grc' dir='ltr'><strong><em>μέσης</em></strong></span> <span class='ocrx_word' id='word_1_27' title='bbox 382 898 479 991; x_wconf 86' lang='grc' dir='ltr'><strong><em>οόσης</em></strong></span> <span class='ocrx_word' id='word_1_28' title='bbox 494 911 551 992; x_wconf 76' lang='grc' dir='ltr'><strong>τῆς</strong></span> <span class='ocrx_word' id='word_1_29' title='bbox 564 907 651 991; x_wconf 72' lang='lat' dir='ltr'><strong>itui,</strong></span> <span class='ocrx_word' id='word_1_30' title='bbox 674 908 732 996; x_wconf 75' lang='grc' dir='ltr'><strong>τήν</strong></span> <span class='ocrx_word' id='word_1_31' title='bbox 746 915 853 991; x_wconf 84' lang='grc' dir='ltr'><strong><em>δίωξιν</em></strong></span> <span class='ocrx_word' id='word_1_32' title='bbox 864 915 992 992; x_wconf 83' lang='grc' dir='ltr'><strong><em>ἐκείνοις</em></strong></span> <span class='ocrx_word' id='word_1_33' title='bbox 1011 913 1067 981; x_wconf 73' lang='lat' dir='ltr'><strong>ini</strong></span> <span class='ocrx_word' id='word_1_34' title='bbox 1085 916 1170 994; x_wconf 85' lang='grc' dir='ltr'><strong><em>τούς</em></strong></span> <span class='ocrx_word' id='word_1_35' title='bbox 1262 901 1268 913; x_wconf 89' lang='lat'><strong>.</strong></span> 
     </span>
     <span class='ocr_line' id='line_1_5' title="bbox 55 998 1162 1092; baseline 0.014 -27"><span class='ocrx_word' id='word_1_36' title='bbox 55 1000 265 1084; x_wconf 72' lang='grc' dir='ltr'><strong><em>καταβάντας</em></strong></span> <span class='ocrx_word' id='word_1_37' title='bbox 293 1004 443 1089; x_wconf 89' lang='grc' dir='ltr'><strong><em>ε’ποίησαν</em></strong></span> <span class='ocrx_word' id='word_1_38' title='bbox 470 998 607 1092; x_wconf 73' lang='grc' dir='ltr'><strong><em>ἔπορον,</em></strong></span> <span class='ocrx_word' id='word_1_39' title='bbox 636 1008 694 1072; x_wconf 80' lang='grc' dir='ltr'><strong>καλ</strong></span> <span class='ocrx_word' id='word_1_40' title='bbox 718 1012 826 1090; x_wconf 82' lang='grc' dir='ltr'><strong><em>μέντοι</em></strong></span> <span class='ocrx_word' id='word_1_41' title='bbox 853 1013 910 1077; x_wconf 83' lang='grc' dir='ltr'><strong><em>καί</em></strong></span> <span class='ocrx_word' id='word_1_42' title='bbox 936 1022 1002 1090; x_wconf 80' lang='grc' dir='ltr'><strong><em>τοῖς</em></strong></span> <span class='ocrx_word' id='word_1_43' title='bbox 1035 1013 1162 1080; x_wconf 77' lang='grc' dir='ltr'><strong><em>ἑαυτῶν</em></strong></span> 
     </span>
     <span class='ocr_line' id='line_1_6' title="bbox 32 1095 1160 1195; baseline 0.014 -32"><span class='ocrx_word' id='word_1_44' title='bbox 32 1095 228 1165; x_wconf 59' lang='lat' dir='ltr'><strong>wadraeus</strong></span> <span class='ocrx_word' id='word_1_45' title='bbox 248 1097 312 1186; x_wconf 73' lang='grc' dir='ltr'><strong>την</strong></span> <span class='ocrx_word' id='word_1_46' title='bbox 326 1102 439 1188; x_wconf 80' lang='grc' dir='ltr'><strong><em>φυγην,</em></strong></span> <span class='ocrx_word' id='word_1_47' title='bbox 455 1101 538 1171; x_wconf 87' lang='grc' dir='ltr'><strong><em>ῶστε</em></strong></span> <span class='ocrx_word' id='word_1_48' title='bbox 558 1103 639 1190; x_wconf 88' lang='grc' dir='ltr'><strong><em>πρός</em></strong></span> <span class='ocrx_word' id='word_1_49' title='bbox 660 1102 813 1173; x_wconf 83' lang='grc' dir='ltr'><strong><em>ἇπόνοιαν</em></strong></span> <span class='ocrx_word' id='word_1_50' title='bbox 835 1111 936 1194; x_wconf 80' lang='grc' dir='ltr'><strong><em>α’λίγοι</em></strong></span> <span class='ocrx_word' id='word_1_51' title='bbox 957 1104 1040 1189; x_wconf 84' lang='grc' dir='ltr'><strong><em>όντες</em></strong></span> <span class='ocrx_word' id='word_1_52' title='bbox 1061 1112 1160 1195; x_wconf 82' lang='grc' dir='ltr'><strong><em>ὁμόσε</em></strong></span> 
     </span>
     <span class='ocr_line' id='line_1_7' title="bbox 53 1197 1254 1299; baseline 0.011 -33"><span class='ocrx_word' id='word_1_53' title='bbox 53 1208 128 1278; x_wconf 84' lang='grc' dir='ltr'><strong><em>τοῖς</em></strong></span> <span class='ocrx_word' id='word_1_54' title='bbox 149 1197 298 1268; x_wconf 77' lang='grc' dir='ltr'><strong><em>ἱππεῦσιν</em></strong></span> <span class='ocrx_word' id='word_1_55' title='bbox 317 1201 473 1288; x_wconf 79' lang='grc' dir='ltr'><strong><em>ἐχώρουν.</em></strong></span> <span class='ocrx_word' id='word_1_56' title='bbox 514 1203 559 1281; x_wconf 84' lang='grc' dir='ltr'><strong>ῶς</strong></span> <span class='ocrx_word' id='word_1_57' title='bbox 579 1208 616 1271; x_wconf 81' lang='grc' dir='ltr'><strong>δέ</strong></span> <span class='ocrx_word' id='word_1_58' title='bbox 636 1205 718 1293; x_wconf 80' lang='grc' dir='ltr'><strong><em>ύπὲρ</em></strong></span> <span class='ocrx_word' id='word_1_59' title='bbox 738 1216 878 1294; x_wconf 77' lang='grc' dir='ltr'><strong><em>κεφαλῆς</em></strong></span> <span class='ocrx_word' id='word_1_60' title='bbox 909 1209 939 1274; x_wconf 78' lang='grc' dir='ltr'><strong>οἱ</strong></span> <span class='ocrx_word' id='word_1_61' title='bbox 962 1211 1053 1290; x_wconf 87' lang='grc' dir='ltr'><strong><em>πεζοί</em></strong></span> <span class='ocrx_word' id='word_1_62' title='bbox 1078 1213 1161 1299; x_wconf 66' lang='lat' dir='ltr'><strong>ipsi&lt;</strong></span> <span class='ocrx_word' id='word_1_63' title='bbox 1252 1270 1254 1279; x_wconf 88' lang='grc'><strong><em>,</em></strong></span> 
     </span>
     <span class='ocr_line' id='line_1_8' title="bbox 53 1297 1160 1392; baseline 0.01 -28"><span class='ocrx_word' id='word_1_64' title='bbox 53 1314 165 1384; x_wconf 83' lang='grc' dir='ltr'><strong><em>κησαν</em></strong></span> <span class='ocrx_word' id='word_1_65' title='bbox 183 1297 264 1364; x_wconf 84' lang='grc' dir='ltr'><strong><em>κατοὶ</em></strong></span> <span class='ocrx_word' id='word_1_66' title='bbox 284 1298 321 1365; x_wconf 91' lang='grc' dir='ltr'><strong>τό</strong></span> <span class='ocrx_word' id='word_1_67' title='bbox 344 1302 567 1386; x_wconf 79' lang='grc' dir='ltr'><strong><em>συγκείμενον,</em></strong></span> <span class='ocrx_word' id='word_1_68' title='bbox 594 1302 696 1375; x_wconf 64' lang='grc' dir='ltr'><strong><em>,ούτωι</em></strong></span> <span class='ocrx_word' id='word_1_69' title='bbox 713 1305 935 1392; x_wconf 85' lang='grc' dir='ltr'><strong><em>διετρόποντο,</em></strong></span> <span class='ocrx_word' id='word_1_70' title='bbox 967 1308 1024 1374; x_wconf 83' lang='grc' dir='ltr'><strong><em>καί</em></strong></span> <span class='ocrx_word' id='word_1_71' title='bbox 1049 1308 1079 1374; x_wconf 85' lang='lat' dir='ltr'><strong>oi</strong></span> <span class='ocrx_word' id='word_1_72' title='bbox 1099 1314 1160 1392; x_wconf 89' lang='grc' dir='ltr'><strong><em>μέν</em></strong></span> 
     </span>
     <span class='ocr_line' id='line_1_9' title="bbox 52 1394 1176 1494; baseline 0.009 -30"><span class='ocrx_word' id='word_1_73' title='bbox 52 1400 107 1476; x_wconf 82' lang='grc' dir='ltr'><strong>είς</strong></span> <span class='ocrx_word' id='word_1_74' title='bbox 130 1394 212 1475; x_wconf 85' lang='grc' dir='ltr'><strong><em>τούς</em></strong></span> <span class='ocrx_word' id='word_1_75' title='bbox 226 1399 342 1483; x_wconf 82' lang='grc' dir='ltr'><strong><em>ἱππεῖς,</em></strong></span> <span class='ocrx_word' id='word_1_76' title='bbox 361 1399 391 1466; x_wconf 81' lang='grc' dir='ltr'><strong><em>ολ</em></strong></span> <span class='ocrx_word' id='word_1_77' title='bbox 413 1404 448 1468; x_wconf 80' lang='grc' dir='ltr'><strong>δέ</strong></span> <span class='ocrx_word' id='word_1_78' title='bbox 470 1404 515 1482; x_wconf 85' lang='grc' dir='ltr'><strong>είς</strong></span> <span class='ocrx_word' id='word_1_79' title='bbox 534 1404 611 1481; x_wconf 86' lang='grc' dir='ltr'><strong><em>τούς</em></strong></span> <span class='ocrx_word' id='word_1_80' title='bbox 625 1404 757 1482; x_wconf 78' lang='grc' dir='ltr'><strong><em>ὁπλίτας</em></strong></span> <span class='ocrx_word' id='word_1_81' title='bbox 775 1406 978 1488; x_wconf 65' lang='grc' dir='ltr'><strong><em>ἐμπίπτοντες</em></strong></span> <span class='ocrx_word' id='word_1_82' title='bbox 997 1405 1176 1494; x_wconf 66' lang='grc' dir='ltr'><strong><em>ἔθνησκον·</em></strong></span> 
     </span>
     <span class='ocr_line' id='line_1_10' title="bbox 55 1495 1188 1592; baseline 0.008 -28"><span class='ocrx_word' id='word_1_83' title='bbox 55 1502 120 1576; x_wconf 75' lang='grc' dir='ltr'><strong><em>κατ’</em></strong></span> <span class='ocrx_word' id='word_1_84' title='bbox 132 1495 198 1574; x_wconf 63' lang='grc' dir='ltr'><strong><em>’τός</em></strong></span> <span class='ocrx_word' id='word_1_85' title='bbox 219 1497 344 1580; x_wconf 80' lang='grc' dir='ltr'><strong><em>όμόξας</em></strong></span> <span class='ocrx_word' id='word_1_86' title='bbox 365 1503 474 1567; x_wconf 83' lang='grc' dir='ltr'><strong><em>αύτῶν</em></strong></span> <span class='ocrx_word' id='word_1_87' title='bbox 495 1502 603 1585; x_wconf 86' lang='grc' dir='ltr'><strong><em>λαβῶν</em></strong></span> <span class='ocrx_word' id='word_1_88' title='bbox 622 1505 830 1588; x_wconf 77' lang='grc' dir='ltr'><strong><em>Σαβινιανός,</em></strong></span> <span class='ocrx_word' id='word_1_89' title='bbox 861 1498 960 1583; x_wconf 83' lang='grc' dir='ltr'><strong><em>οόσας</em></strong></span> <span class='ocrx_word' id='word_1_90' title='bbox 988 1509 1032 1584; x_wconf 88' lang='grc' dir='ltr'><strong>ῶς</strong></span> <span class='ocrx_word' id='word_1_91' title='bbox 1052 1511 1188 1592; x_wconf 59' lang='lat' dir='ltr'><strong>drop-c</strong></span> 
     </span>
     <span class='ocr_line' id='line_1_11' title="bbox 6 1598 1159 1689; baseline 0.011 -30"><span class='ocrx_word' id='word_1_92' title='bbox 6 1600 155 1680; x_wconf 80' lang='grc' dir='ltr'><strong><em>Ιολίας,</em></strong></span> <span class='ocrx_word' id='word_1_93' title='bbox 177 1598 401 1682; x_wconf 70' lang='grc' dir='ltr'><strong><em>αἰχμαλώτους</em></strong></span> <span class='ocrx_word' id='word_1_94' title='bbox 418 1625 452 1667; x_wconf 90' lang='grc' dir='ltr'><strong>τε</strong></span> <span class='ocrx_word' id='word_1_95' title='bbox 482 1598 651 1687; x_wconf 76' lang='grc' dir='ltr'><strong><em>πλείουςῆ</em></strong></span> <span class='ocrx_word' id='word_1_96' title='bbox 679 1608 951 1689; x_wconf 84' lang='grc' dir='ltr'><strong><em>πεντακισχιλίους</em></strong></span> <span class='ocrx_word' id='word_1_97' title='bbox 979 1612 1036 1673; x_wconf 86' lang='grc' dir='ltr'><strong><em>καί</em></strong></span> <span class='ocrx_word' id='word_1_98' title='bbox 1069 1606 1159 1672; x_wconf 83' lang='grc' dir='ltr'><strong><em>λείαν</em></strong></span> 
     </span>
     <span class='ocr_line' id='line_1_12' title="bbox 58 1689 1160 1796; baseline 0.012 -38"><span class='ocrx_word' id='word_1_99' title='bbox 58 1689 124 1759; x_wconf 89' lang='grc' dir='ltr'><strong>ούκ</strong></span> <span class='ocrx_word' id='word_1_100' title='bbox 145 1691 271 1783; x_wconf 90' lang='grc' dir='ltr'><strong><em>όλίγην,</em></strong></span> <span class='ocrx_word' id='word_1_101' title='bbox 298 1696 388 1776; x_wconf 81' lang='grc' dir='ltr'><strong><em>τινός</em></strong></span> <span class='ocrx_word' id='word_1_102' title='bbox 409 1703 445 1765; x_wconf 82' lang='grc' dir='ltr'><strong>δὲ</strong></span> <span class='ocrx_word' id='word_1_103' title='bbox 464 1704 528 1767; x_wconf 88' lang='grc' dir='ltr'><strong>τῶν</strong></span> <span class='ocrx_word' id='word_1_104' title='bbox 549 1701 681 1784; x_wconf 73' lang='grc' dir='ltr'><strong><em>ἁμαξῶν</em></strong></span> <span class='ocrx_word' id='word_1_105' title='bbox 701 1702 758 1768; x_wconf 84' lang='grc' dir='ltr'><strong><em>καί</em></strong></span> <span class='ocrx_word' id='word_1_106' title='bbox 776 1701 977 1784; x_wconf 75' lang='grc' dir='ltr'><strong><em>κατακαύσας</em></strong></span> <span class='ocrx_word' id='word_1_107' title='bbox 997 1708 1033 1773; x_wconf 81' lang='grc' dir='ltr'><strong><em>ἐν</em></strong></span> <span class='ocrx_word' id='word_1_108' title='bbox 1052 1712 1096 1796; x_wconf 77' lang='grc' dir='ltr'><strong>τῶ</strong></span> <span class='ocrx_word' id='word_1_109' title='bbox 1123 1699 1160 1771; x_wconf 75' lang='lat' dir='ltr'><strong>‹i-</strong></span> 
     </span>
     <span class='ocr_line' id='line_1_13' title="bbox 58 1786 1182 1891; baseline 0.012 -33"><span class='ocrx_word' id='word_1_110' title='bbox 58 1818 132 1880; x_wconf 85' lang='grc' dir='ltr'><strong><em>ρει,</em></strong></span> <span class='ocrx_word' id='word_1_111' title='bbox 147 1792 188 1871; x_wconf 76' lang='grc' dir='ltr'><strong>ῶς</strong></span> <span class='ocrx_word' id='word_1_112' title='bbox 208 1786 248 1879; x_wconf 77' lang='grc' dir='ltr'><strong><em>ἦν</em></strong></span> <span class='ocrx_word' id='word_1_113' title='bbox 267 1794 358 1882; x_wconf 80' lang='grc' dir='ltr'><strong><em>ἔργον</em></strong></span> <span class='ocrx_word' id='word_1_114' title='bbox 378 1794 509 1866; x_wconf 75' lang='grc' dir='ltr'><strong><em>ἑλκύσαι</em></strong></span> <span class='ocrx_word' id='word_1_115' title='bbox 531 1801 585 1866; x_wconf 86' lang='grc' dir='ltr'><strong><em>διὰ</em></strong></span> <span class='ocrx_word' id='word_1_116' title='bbox 603 1804 755 1887; x_wconf 87' lang='grc' dir='ltr'><strong><em>κρημνῶν</em></strong></span> <span class='ocrx_word' id='word_1_117' title='bbox 771 1801 941 1887; x_wconf 79' lang='grc' dir='ltr'><strong><em>τοσούτων,</em></strong></span> <span class='ocrx_word' id='word_1_118' title='bbox 956 1808 990 1883; x_wconf 87' lang='grc' dir='ltr'><strong>ές</strong></span> <span class='ocrx_word' id='word_1_119' title='bbox 1006 1804 1066 1891; x_wconf 81' lang='grc' dir='ltr'><strong>την</strong></span> <span class='ocrx_word' id='word_1_120' title='bbox 1085 1813 1160 1873; x_wconf 81' lang='lat' dir='ltr'><strong>Ao·</strong></span> <span class='ocrx_word' id='word_1_121' title='bbox 1178 1849 1182 1857; x_wconf 87' lang='lat'>·</span> 
     </span>
     <span class='ocr_line' id='line_1_14' title="bbox 50 1876 1160 1990; baseline 0.011 -34"><span class='ocrx_word' id='word_1_122' title='bbox 50 1893 179 1980; x_wconf 67' lang='grc' dir='ltr'><strong><em>χνηδόν</em></strong></span> <span class='ocrx_word' id='word_1_123' title='bbox 200 1897 390 1982; x_wconf 83' lang='grc' dir='ltr'><strong><em>α’φικνεϊται.</em></strong></span> <span class='ocrx_word' id='word_1_124' title='bbox 432 1876 490 1965; x_wconf 78' lang='grc' dir='ltr'><strong><em>καί</em></strong></span> <span class='ocrx_word' id='word_1_125' title='bbox 517 1899 658 1986; x_wconf 87' lang='grc' dir='ltr'><strong><em>εύρίσκει</em></strong></span> <span class='ocrx_word' id='word_1_126' title='bbox 689 1904 899 1983; x_wconf 81' lang='grc' dir='ltr'><strong><em>Ἀδαμιίντιον</em></strong></span> <span class='ocrx_word' id='word_1_127' title='bbox 923 1905 960 1968; x_wconf 88' lang='grc' dir='ltr'><strong>έκ</strong></span> <span class='ocrx_word' id='word_1_128' title='bbox 988 1909 1045 1990; x_wconf 78' lang='grc' dir='ltr'><strong>τῆς</strong></span> <span class='ocrx_word' id='word_1_129' title='bbox 1078 1904 1160 1990; x_wconf 86' lang='grc' dir='ltr'><strong><em>πρός</em></strong></span> 
     </span>
     <span class='ocr_line' id='line_1_15' title="bbox 62 1994 1159 2088; baseline 0.007 -30"><span class='ocrx_word' id='word_1_130' title='bbox 62 1994 262 2078; x_wconf 83' lang='grc' dir='ltr'><strong><em>Θευδέριχον</em></strong></span> <span class='ocrx_word' id='word_1_131' title='bbox 283 1999 455 2075; x_wconf 88' lang='grc' dir='ltr'><strong><em>συνουσίας</em></strong></span> <span class='ocrx_word' id='word_1_132' title='bbox 475 1999 703 2067; x_wconf 75' lang='grc' dir='ltr'><strong><em>ἐπανελθόντα·</em></strong></span> <span class='ocrx_word' id='word_1_133' title='bbox 736 2003 777 2067; x_wconf 88' lang='grc' dir='ltr'><strong>ού</strong></span> <span class='ocrx_word' id='word_1_134' title='bbox 800 2001 861 2086; x_wconf 73' lang='grc' dir='ltr'><strong>γάρ</strong></span> <span class='ocrx_word' id='word_1_135' title='bbox 883 2029 933 2069; x_wconf 91' lang='grc' dir='ltr'><strong>πω</strong></span> <span class='ocrx_word' id='word_1_136' title='bbox 963 2006 1159 2088; x_wconf 85' lang='grc' dir='ltr'><strong><em>Θιοδέριχος</em></strong></span> 
     </span>
     <span class='ocr_line' id='line_1_16' title="bbox 16 2088 1201 2190; baseline 0.007 -31"><span class='ocrx_word' id='word_1_137' title='bbox 16 2088 224 2159; x_wconf 67' lang='grc' dir='ltr'><strong><em>Ξέπέπυστο</em></strong></span> <span class='ocrx_word' id='word_1_138' title='bbox 244 2096 338 2161; x_wconf 64' lang='lat' dir='ltr'><strong>otidis·</strong></span> <span class='ocrx_word' id='word_1_139' title='bbox 357 2096 709 2183; x_wconf 76' lang='grc' dir='ltr'><strong><em>τῶνύπόΣαβινιανοῦ</em></strong></span> <span class='ocrx_word' id='word_1_140' title='bbox 727 2103 763 2168; x_wconf 83' lang='grc' dir='ltr'><strong><em>έν</em></strong></span> <span class='ocrx_word' id='word_1_141' title='bbox 783 2105 827 2190; x_wconf 72' lang='grc' dir='ltr'><strong>τῷ</strong></span> <span class='ocrx_word' id='word_1_142' title='bbox 845 2091 914 2187; x_wconf 86' lang='grc' dir='ltr'><strong><em>όρει</em></strong></span> <span class='ocrx_word' id='word_1_143' title='bbox 941 2107 1160 2190; x_wconf 74' lang='grc' dir='ltr'><strong><em>πραχθέντων.</em></strong></span> <span class='ocrx_word' id='word_1_144' title='bbox 1185 2130 1201 2146; x_wconf 72' lang='grc'><em>“</em></span> 
     </span>
     <span class='ocr_line' id='line_1_17' title="bbox 66 2185 1160 2288; baseline 0.005 -30"><span class='ocrx_word' id='word_1_145' title='bbox 66 2189 143 2269; x_wconf 84' lang='grc' dir='ltr'><strong><em>τούς</em></strong></span> <span class='ocrx_word' id='word_1_146' title='bbox 171 2195 232 2274; x_wconf 82' lang='grc' dir='ltr'><strong><em>μὲν</em></strong></span> <span class='ocrx_word' id='word_1_147' title='bbox 265 2185 322 2258; x_wconf 83' lang='grc' dir='ltr'><strong><em>σόν</em></strong></span> <span class='ocrx_word' id='word_1_148' title='bbox 350 2198 574 2279; x_wconf 74' lang='grc' dir='ltr'><strong><em>αἰχμαλώτους</em></strong></span> <span class='ocrx_word' id='word_1_149' title='bbox 600 2197 679 2275; x_wconf 87' lang='grc' dir='ltr'><strong><em>τούς</em></strong></span> <span class='ocrx_word' id='word_1_150' title='bbox 705 2192 743 2264; x_wconf 77' lang='lat' dir='ltr'><strong>asi</strong></span> <span class='ocrx_word' id='word_1_151' title='bbox 773 2197 940 2285; x_wconf 87' lang='grc' dir='ltr'><strong><em>γεγονότας</em></strong></span> <span class='ocrx_word' id='word_1_152' title='bbox 968 2204 1002 2266; x_wconf 85' lang='grc' dir='ltr'><strong><em>έν</em></strong></span> <span class='ocrx_word' id='word_1_153' title='bbox 1028 2203 1160 2288; x_wconf 81' lang='grc' dir='ltr'><strong><em>φυλακῇ</em></strong></span> 
     </span>
     <span class='ocr_line' id='line_1_18' title="bbox 62 2289 1160 2391; baseline 0.008 -36"><span class='ocrx_word' id='word_1_154' title='bbox 62 2295 223 2384; x_wconf 79' lang='grc' dir='ltr'><strong><em>ποιεῖται,</em></strong></span> <span class='ocrx_word' id='word_1_155' title='bbox 249 2292 324 2370; x_wconf 87' lang='grc' dir='ltr'><strong><em>τούς</em></strong></span> <span class='ocrx_word' id='word_1_156' title='bbox 347 2297 383 2359; x_wconf 85' lang='grc' dir='ltr'><strong>δέ</strong></span> <span class='ocrx_word' id='word_1_157' title='bbox 403 2289 520 2372; x_wconf 77' lang='grc' dir='ltr'><strong><em>ἄλλους</em></strong></span> <span class='ocrx_word' id='word_1_158' title='bbox 536 2295 618 2378; x_wconf 76' lang='grc' dir='ltr'><strong><em>μετὰ</em></strong></span> <span class='ocrx_word' id='word_1_159' title='bbox 640 2301 695 2391; x_wconf 77' lang='grc' dir='ltr'><strong>τῆς</strong></span> <span class='ocrx_word' id='word_1_160' title='bbox 714 2296 801 2375; x_wconf 88' lang='grc' dir='ltr'><strong><em>λείας</em></strong></span> <span class='ocrx_word' id='word_1_161' title='bbox 824 2301 953 2363; x_wconf 79' lang='grc' dir='ltr'><strong><em>διέδωκε</em></strong></span> <span class='ocrx_word' id='word_1_162' title='bbox 974 2308 1039 2374; x_wconf 79' lang='grc' dir='ltr'><strong><em>τοῖς</em></strong></span> <span class='ocrx_word' id='word_1_163' title='bbox 1060 2325 1160 2383; x_wconf 74' lang='grc' dir='ltr'><strong><em>στρα-</em></strong></span> 
     </span>
     <span class='ocr_line' id='line_1_19' title="bbox 64 2386 1179 2483; baseline 0.001 -27"><span class='ocrx_word' id='word_1_164' title='bbox 64 2386 204 2466; x_wconf 67' lang='grc' dir='ltr'><strong><em>τιώταις.</em></strong></span> <span class='ocrx_word' id='word_1_165' title='bbox 245 2389 370 2473; x_wconf 82' lang='grc' dir='ltr'><strong><em>δμύξας</em></strong></span> <span class='ocrx_word' id='word_1_166' title='bbox 395 2397 505 2475; x_wconf 87' lang='grc' dir='ltr'><strong><em>μέντοι</em></strong></span> <span class='ocrx_word' id='word_1_167' title='bbox 531 2392 650 2471; x_wconf 82' lang='grc' dir='ltr'><strong><em>πολλός</em></strong></span> <span class='ocrx_word' id='word_1_168' title='bbox 679 2395 831 2473; x_wconf 90' lang='grc' dir='ltr'><strong><em>κελεύσας</em></strong></span> <span class='ocrx_word' id='word_1_169' title='bbox 856 2407 926 2473; x_wconf 86' lang='grc' dir='ltr'><strong><em>ταῖς</em></strong></span> <span class='ocrx_word' id='word_1_170' title='bbox 945 2394 1055 2462; x_wconf 88' lang='grc' dir='ltr'><strong><em>πόλεσι</em></strong></span> <span class='ocrx_word' id='word_1_171' title='bbox 1075 2395 1179 2483; x_wconf 74' lang='grc' dir='ltr'><strong><em>πρός,</em></strong></span> 
     </span>
     <span class='ocr_line' id='line_1_20' title="bbox 64 2486 1189 2581; baseline 0.005 -26"><span class='ocrx_word' id='word_1_172' title='bbox 64 2486 121 2564; x_wconf 84' lang='grc' dir='ltr'><strong>τός</strong></span> <span class='ocrx_word' id='word_1_173' title='bbox 154 2492 215 2556; x_wconf 84' lang='grc' dir='ltr'><strong>τού</strong></span> <span class='ocrx_word' id='word_1_174' title='bbox 241 2495 458 2577; x_wconf 86' lang='grc' dir='ltr'><strong><em>στρατοπέδου</em></strong></span> <span class='ocrx_word' id='word_1_175' title='bbox 487 2494 725 2560; x_wconf 79' lang='grc' dir='ltr'><strong><em>κατασκευάσαι</em></strong></span> <span class='ocrx_word' id='word_1_176' title='bbox 743 2499 873 2579; x_wconf 87' lang='grc' dir='ltr'><strong><em>χρείας,</em></strong></span> <span class='ocrx_word' id='word_1_177' title='bbox 907 2494 951 2570; x_wconf 85' lang='grc' dir='ltr'><strong>ῶς</strong></span> <span class='ocrx_word' id='word_1_178' title='bbox 971 2492 1189 2581; x_wconf 77' lang='grc' dir='ltr'><strong><em>έλὴφθησανῠ</em></strong></span> 
     </span>
     <span class='ocr_line' id='line_1_21' title="bbox 11 2580 1237 2681; baseline 0.012 -30"><span class='ocrx_word' id='word_1_179' title='bbox 11 2580 183 2672; x_wconf 68' lang='lat' dir='ltr'><strong>ositos,</strong></span> <span class='ocrx_word' id='word_1_180' title='bbox 216 2589 329 2655; x_wconf 84' lang='grc' dir='ltr'><strong><em>δπεῖπε</em></strong></span> <span class='ocrx_word' id='word_1_181' title='bbox 356 2601 426 2667; x_wconf 76' lang='grc' dir='ltr'><strong><em>ταίς</em></strong></span> <span class='ocrx_word' id='word_1_182' title='bbox 457 2589 568 2657; x_wconf 89' lang='grc' dir='ltr'><strong><em>πόλεσι</em></strong></span> <span class='ocrx_word' id='word_1_183' title='bbox 586 2595 687 2678; x_wconf 75' lang='grc' dir='ltr'><strong><em>μηδὲν</em></strong></span> <span class='ocrx_word' id='word_1_184' title='bbox 706 2595 928 2676; x_wconf 75' lang='grc' dir='ltr'><strong><em>ἐνοχλεῖσθαι,</em></strong></span> <span class='ocrx_word' id='word_1_185' title='bbox 951 2591 995 2671; x_wconf 85' lang='grc' dir='ltr'><strong>ῶς</strong></span> <span class='ocrx_word' id='word_1_186' title='bbox 1014 2593 1074 2670; x_wconf 84' lang='grc' dir='ltr'><strong>τός</strong></span> <span class='ocrx_word' id='word_1_187' title='bbox 1094 2597 1190 2681; x_wconf 79' lang='lat' dir='ltr'><strong>cip-v.</strong></span> <span class='ocrx_word' id='word_1_188' title='bbox 1202 2613 1237 2670; x_wconf 79' lang='lat' dir='ltr'><strong>te</strong></span> 
     </span>
     <span class='ocr_line' id='line_1_22' title="bbox 67 2687 1159 2782; baseline 0.007 -31"><span class='ocrx_word' id='word_1_189' title='bbox 67 2687 183 2764; x_wconf 89' lang='grc' dir='ltr'><strong><em>καύσας</em></strong></span> <span class='ocrx_word' id='word_1_190' title='bbox 202 2687 293 2773; x_wconf 80' lang='grc' dir='ltr'><strong><em>ἔχων.</em></strong></span> <span class='ocrx_word' id='word_1_191' title='bbox 313 2689 394 2772; x_wconf 79' lang='grc' dir='ltr'><strong><em>μετέ</em></strong></span> <span class='ocrx_word' id='word_1_192' title='bbox 417 2692 453 2758; x_wconf 83' lang='grc' dir='ltr'><strong>δέ</strong></span> <span class='ocrx_word' id='word_1_193' title='bbox 472 2695 572 2756; x_wconf 79' lang='grc' dir='ltr'><strong><em>ταῦτα</em></strong></span> <span class='ocrx_word' id='word_1_194' title='bbox 590 2690 710 2778; x_wconf 86' lang='grc' dir='ltr'><strong><em>γρόφει</em></strong></span> <span class='ocrx_word' id='word_1_195' title='bbox 727 2696 788 2774; x_wconf 88' lang='grc' dir='ltr'><strong><em>μέν</em></strong></span> <span class='ocrx_word' id='word_1_196' title='bbox 806 2691 1013 2775; x_wconf 81' lang='grc' dir='ltr'><strong><em>Ἀδαμόντιος</em></strong></span> <span class='ocrx_word' id='word_1_197' title='bbox 1033 2696 1078 2782; x_wconf 76' lang='grc' dir='ltr'><strong>τῷ</strong></span> <span class='ocrx_word' id='word_1_198' title='bbox 1097 2698 1159 2775; x_wconf 86' lang='grc' dir='ltr'><strong><em>βα-</em></strong></span> 
     </span>
     <span class='ocr_line' id='line_1_23' title="bbox 67 2786 1158 2882; baseline 0.004 -28"><span class='ocrx_word' id='word_1_199' title='bbox 67 2792 165 2871; x_wconf 70' lang='lat' dir='ltr'><strong>osiel,</strong></span> <span class='ocrx_word' id='word_1_200' title='bbox 187 2786 231 2864; x_wconf 82' lang='grc' dir='ltr'><strong>ῶς</strong></span> <span class='ocrx_word' id='word_1_201' title='bbox 250 2788 426 2874; x_wconf 81' lang='grc' dir='ltr'><strong><em>όπέσχετο,</em></strong></span> <span class='ocrx_word' id='word_1_202' title='bbox 452 2788 494 2858; x_wconf 79' lang='grc' dir='ltr'><strong>τό</strong></span> <span class='ocrx_word' id='word_1_203' title='bbox 517 2789 596 2875; x_wconf 83' lang='grc' dir='ltr'><strong><em>πρὸς</em></strong></span> <span class='ocrx_word' id='word_1_204' title='bbox 619 2793 814 2880; x_wconf 82' lang='grc' dir='ltr'><strong><em>Θεοδέριχον</em></strong></span> <span class='ocrx_word' id='word_1_205' title='bbox 834 2795 923 2882; x_wconf 79' lang='grc' dir='ltr'><strong><em>αύτῷ</em></strong></span> <span class='ocrx_word' id='word_1_206' title='bbox 942 2795 1158 2876; x_wconf 83' lang='grc' dir='ltr'><strong><em>διειλεγμένα·</em></strong></span> 
     </span>
    </p>
   </div>
   <div class='ocr_carea' id='block_1_3' title="bbox 132 2945 1200 3093">
    <p class='ocr_par' dir='ltr' id='par_1_3' title="bbox 132 2945 1200 3093">
     <span class='ocr_line' id='line_1_24' title="bbox 132 2945 1156 3022; baseline -0.002 -18"><span class='ocrx_word' id='word_1_207' title='bbox 132 2967 159 3004; x_wconf 87' lang='lat' dir='ltr'><strong>a.</strong></span> <span class='ocrx_word' id='word_1_208' title='bbox 177 2945 352 3007; x_wconf 74' lang='grc' dir='ltr'><strong><em>διαλύοντες</em></strong></span> <span class='ocrx_word' id='word_1_209' title='bbox 369 2949 438 3003; x_wconf 87' lang='lat' dir='ltr'><strong>coni.</strong></span> <span class='ocrx_word' id='word_1_210' title='bbox 448 2948 481 3001; x_wconf 89' lang='lat' dir='ltr'><strong>N.</strong></span> <span class='ocrx_word' id='word_1_211' title='bbox 552 2952 577 3006; x_wconf 78' lang='lat'><strong>3&#39;.</strong></span> <span class='ocrx_word' id='word_1_212' title='bbox 597 2950 746 3012; x_wconf 75' lang='grc' dir='ltr'><strong><em>δπέςεοκτο</em></strong></span> <span class='ocrx_word' id='word_1_213' title='bbox 767 2949 810 3014; x_wconf 71' lang='grc' dir='ltr'><strong>Ν,</strong></span> <span class='ocrx_word' id='word_1_214' title='bbox 829 2949 986 3014; x_wconf 69' lang='grc' dir='ltr'><strong><em>ὑπέζευκτο</em></strong></span> <span class='ocrx_word' id='word_1_215' title='bbox 1005 2952 1077 3022; x_wconf 75' lang='grc' dir='ltr'><strong><em>ταὶς.</em></strong></span> <span class='ocrx_word' id='word_1_216' title='bbox 1117 2970 1156 3007; x_wconf 88' lang='lat' dir='ltr'><strong>ro.</strong></span> 
     </span>
     <span class='ocr_line' id='line_1_25' title="bbox 133 3017 1200 3093; baseline 0.003 -20"><span class='ocrx_word' id='word_1_217' title='bbox 133 3018 238 3073; x_wconf 78' lang='lat' dir='ltr'><strong>seadd</strong></span> <span class='ocrx_word' id='word_1_218' title='bbox 256 3017 290 3072; x_wconf 84' lang='lat' dir='ltr'><strong>N·</strong></span> <span class='ocrx_word' id='word_1_219' title='bbox 364 3020 403 3088; x_wconf 70' lang='grc' dir='ltr'><strong><em>ιη.</em></strong></span> <span class='ocrx_word' id='word_1_220' title='bbox 421 3033 479 3072; x_wconf 88' lang='grc' dir='ltr'><strong>που</strong></span> <span class='ocrx_word' id='word_1_221' title='bbox 498 3020 570 3090; x_wconf 75' lang='lat' dir='ltr'><strong>vulg.</strong></span> <span class='ocrx_word' id='word_1_222' title='bbox 645 3022 684 3080; x_wconf 87' lang='grc' dir='ltr'><strong><em>ι5.</em></strong></span> <span class='ocrx_word' id='word_1_223' title='bbox 700 3018 798 3076; x_wconf 72' lang='grc' dir='ltr'><strong><em>οὐδενὶ</em></strong></span> <span class='ocrx_word' id='word_1_224' title='bbox 815 3023 888 3093; x_wconf 69' lang='lat' dir='ltr'><strong>vulg.</strong></span> <span class='ocrx_word' id='word_1_225' title='bbox 1198 3046 1200 3049; x_wconf 95' lang='lat'>·</span> 
     </span>
    </p>
   </div>
   <div class='ocr_carea' id='block_1_4' title="bbox 67 3150 1162 3939">
    <p class='ocr_par' dir='ltr' id='par_1_4' title="bbox 67 3150 1162 3939">
     <span class='ocr_line' id='line_1_26' title="bbox 68 3150 1158 3234; baseline 0.003 -19"><span class='ocrx_word' id='word_1_226' title='bbox 68 3150 148 3234; x_wconf 56' lang='lat' dir='ltr'><strong>pout,</strong></span> <span class='ocrx_word' id='word_1_227' title='bbox 169 3162 297 3218; x_wconf 77' lang='lat' dir='ltr'><strong>celeriter</strong></span> <span class='ocrx_word' id='word_1_228' title='bbox 314 3161 344 3216; x_wconf 87' lang='lat' dir='ltr'><strong>in</strong></span> <span class='ocrx_word' id='word_1_229' title='bbox 361 3163 507 3233; x_wconf 74' lang='lat' dir='ltr'><strong>planitiem</strong></span> <span class='ocrx_word' id='word_1_230' title='bbox 525 3162 613 3234; x_wconf 89' lang='lat' dir='ltr'><strong>elapsi</strong></span> <span class='ocrx_word' id='word_1_231' title='bbox 631 3170 660 3215; x_wconf 88' lang='lat' dir='ltr'><strong>et</strong></span> <span class='ocrx_word' id='word_1_232' title='bbox 677 3171 807 3234; x_wconf 85' lang='lat' dir='ltr'><strong>pontem,</strong></span> <span class='ocrx_word' id='word_1_233' title='bbox 826 3165 871 3214; x_wconf 92' lang='lat' dir='ltr'><strong>cui</strong></span> <span class='ocrx_word' id='word_1_234' title='bbox 889 3164 1002 3217; x_wconf 77' lang='lat' dir='ltr'>suberat</span> <span class='ocrx_word' id='word_1_235' title='bbox 1019 3163 1092 3216; x_wconf 79' lang='lat' dir='ltr'><strong>fossa</strong></span> <span class='ocrx_word' id='word_1_236' title='bbox 1111 3167 1158 3218; x_wconf 88' lang='lat' dir='ltr'><strong>in-</strong></span> 
     </span>
     <span class='ocr_line' id='line_1_27' title="bbox 68 3233 1160 3306; baseline -0.001 -18"><span class='ocrx_word' id='word_1_237' title='bbox 68 3238 143 3305; x_wconf 74' lang='lat' dir='ltr'><strong>genti</strong></span> <span class='ocrx_word' id='word_1_238' title='bbox 156 3233 368 3304; x_wconf 78' lang='lat' dir='ltr'><strong>profunditate„</strong></span> <span class='ocrx_word' id='word_1_239' title='bbox 376 3235 537 3304; x_wconf 73' lang='lat' dir='ltr'><strong>transgressi</strong></span> <span class='ocrx_word' id='word_1_240' title='bbox 555 3241 628 3296; x_wconf 92' lang='lat' dir='ltr'><strong>sunt,</strong></span> <span class='ocrx_word' id='word_1_241' title='bbox 647 3245 702 3306; x_wconf 85' lang='lat' dir='ltr'><strong>quo</strong></span> <span class='ocrx_word' id='word_1_242' title='bbox 721 3233 857 3303; x_wconf 84' lang='lat' dir='ltr'><strong>dissoluto</strong></span> <span class='ocrx_word' id='word_1_243' title='bbox 871 3235 1092 3303; x_wconf 76' lang='lat' dir='ltr'>persecutionem</span> <span class='ocrx_word' id='word_1_244' title='bbox 1110 3252 1160 3288; x_wconf 88' lang='lat' dir='ltr'><strong>eo·</strong></span> 
     </span>
     <span class='ocr_line' id='line_1_28' title="bbox 69 3303 1160 3375; baseline -0.001 -17"><span class='ocrx_word' id='word_1_245' title='bbox 69 3323 145 3366; x_wconf 83' lang='lat' dir='ltr'><strong>ram,</strong></span> <span class='ocrx_word' id='word_1_246' title='bbox 173 3306 224 3375; x_wconf 88' lang='lat' dir='ltr'><strong>qui</strong></span> <span class='ocrx_word' id='word_1_247' title='bbox 249 3305 279 3358; x_wconf 90' lang='lat' dir='ltr'><strong>in</strong></span> <span class='ocrx_word' id='word_1_248' title='bbox 299 3305 415 3359; x_wconf 88' lang='lat' dir='ltr'><strong>alteram</strong></span> <span class='ocrx_word' id='word_1_249' title='bbox 440 3307 528 3373; x_wconf 87' lang='lat' dir='ltr'><strong>ripam</strong></span> <span class='ocrx_word' id='word_1_250' title='bbox 552 3313 748 3375; x_wconf 86' lang='lat' dir='ltr'><strong>pervenerant,</strong></span> <span class='ocrx_word' id='word_1_251' title='bbox 776 3303 903 3357; x_wconf 75' lang='lat' dir='ltr'><strong>hostibus</strong></span> <span class='ocrx_word' id='word_1_252' title='bbox 929 3305 1160 3373; x_wconf 68' lang='lat' dir='ltr'><strong>intercluserunt,</strong></span> 
     </span>
     <span class='ocr_line' id='line_1_29' title="bbox 68 3373 1159 3447; baseline -0.001 -18"><span class='ocrx_word' id='word_1_253' title='bbox 68 3373 185 3447; x_wconf 83' lang='lat' dir='ltr'><strong>reliquis</strong></span> <span class='ocrx_word' id='word_1_254' title='bbox 209 3384 302 3428; x_wconf 88' lang='lat' dir='ltr'><strong>autem</strong></span> <span class='ocrx_word' id='word_1_255' title='bbox 320 3392 432 3428; x_wconf 84' lang='lat' dir='ltr'><strong>suorum</strong></span> <span class='ocrx_word' id='word_1_256' title='bbox 448 3392 464 3427; x_wconf 92' lang='lat' dir='ltr'><strong>a</strong></span> <span class='ocrx_word' id='word_1_257' title='bbox 485 3383 571 3445; x_wconf 90' lang='lat' dir='ltr'><strong>ponte</strong></span> <span class='ocrx_word' id='word_1_258' title='bbox 595 3375 712 3427; x_wconf 79' lang='lat' dir='ltr'><strong>exclusis</strong></span> <span class='ocrx_word' id='word_1_259' title='bbox 736 3375 829 3443; x_wconf 75' lang='lat' dir='ltr'><strong>sugam</strong></span> <span class='ocrx_word' id='word_1_260' title='bbox 847 3375 1008 3444; x_wconf 77' lang='lat' dir='ltr'><strong>impeditam</strong></span> <span class='ocrx_word' id='word_1_261' title='bbox 1026 3376 1159 3429; x_wconf 84' lang='lat' dir='ltr'><strong>reddide-</strong></span> 
     </span>
     <span class='ocr_line' id='line_1_30' title="bbox 69 3444 1160 3520; baseline 0.001 -23"><span class='ocrx_word' id='word_1_262' title='bbox 69 3455 143 3498; x_wconf 86' lang='lat' dir='ltr'><strong>runt.</strong></span> <span class='ocrx_word' id='word_1_263' title='bbox 178 3446 215 3499; x_wconf 78' lang='lat' dir='ltr'><strong>tt</strong></span> <span class='ocrx_word' id='word_1_264' title='bbox 232 3446 277 3499; x_wconf 91' lang='lat' dir='ltr'><strong>illi</strong></span> <span class='ocrx_word' id='word_1_265' title='bbox 288 3462 355 3517; x_wconf 87' lang='lat' dir='ltr'><strong>prae</strong></span> <span class='ocrx_word' id='word_1_266' title='bbox 369 3446 578 3516; x_wconf 75' lang='lat' dir='ltr'><strong>desperatione,</strong></span> <span class='ocrx_word' id='word_1_267' title='bbox 599 3462 660 3498; x_wconf 85' lang='lat' dir='ltr'><strong>cunr</strong></span> <span class='ocrx_word' id='word_1_268' title='bbox 673 3446 755 3514; x_wconf 84' lang='lat' dir='ltr'><strong>pauci</strong></span> <span class='ocrx_word' id='word_1_269' title='bbox 767 3454 874 3508; x_wconf 84' lang='lat' dir='ltr'><strong>esseut,</strong></span> <span class='ocrx_word' id='word_1_270' title='bbox 891 3444 920 3498; x_wconf 88' lang='lat' dir='ltr'><strong>in</strong></span> <span class='ocrx_word' id='word_1_271' title='bbox 931 3447 1066 3498; x_wconf 78' lang='lat' dir='ltr'><strong>Romanos</strong></span> <span class='ocrx_word' id='word_1_272' title='bbox 1078 3447 1160 3520; x_wconf 88' lang='lat' dir='ltr'><strong>equi-</strong></span> 
     </span>
     <span class='ocr_line' id='line_1_31' title="bbox 68 3514 1161 3587; baseline 0.004 -20"><span class='ocrx_word' id='word_1_273' title='bbox 68 3523 109 3582; x_wconf 76' lang='lat' dir='ltr'><strong>tes</strong></span> <span class='ocrx_word' id='word_1_274' title='bbox 135 3517 291 3580; x_wconf 83' lang='lat' dir='ltr'><strong>irruerunt,</strong></span> <span class='ocrx_word' id='word_1_275' title='bbox 316 3515 366 3570; x_wconf 89' lang='lat' dir='ltr'><strong>aed</strong></span> <span class='ocrx_word' id='word_1_276' title='bbox 392 3516 442 3569; x_wconf 91' lang='lat' dir='ltr'><strong>ubi</strong></span> <span class='ocrx_word' id='word_1_277' title='bbox 466 3516 647 3568; x_wconf 80' lang='lat' dir='ltr'><strong>Romanorum</strong></span> <span class='ocrx_word' id='word_1_278' title='bbox 670 3514 778 3586; x_wconf 86' lang='lat' dir='ltr'><strong>pedites</strong></span> <span class='ocrx_word' id='word_1_279' title='bbox 799 3534 834 3569; x_wconf 82' lang='lat' dir='ltr'><strong>ex</strong></span> <span class='ocrx_word' id='word_1_280' title='bbox 856 3518 1007 3586; x_wconf 74' lang='lat' dir='ltr'><strong>componito</strong></span> <span class='ocrx_word' id='word_1_281' title='bbox 1025 3534 1161 3587; x_wconf 90' lang='lat' dir='ltr'><strong>prorupe-</strong></span> 
     </span>
     <span class='ocr_line' id='line_1_32' title="bbox 69 3586 1161 3659; baseline 0.004 -21"><span class='ocrx_word' id='word_1_282' title='bbox 69 3594 149 3652; x_wconf 68' lang='lat' dir='ltr'><strong>runt,</strong></span> <span class='ocrx_word' id='word_1_283' title='bbox 172 3587 212 3638; x_wconf 89' lang='lat' dir='ltr'><strong>ita</strong></span> <span class='ocrx_word' id='word_1_284' title='bbox 230 3587 416 3656; x_wconf 79' lang='lat' dir='ltr'><strong>boatesterga</strong></span> <span class='ocrx_word' id='word_1_285' title='bbox 435 3593 594 3649; x_wconf 82' lang='lat' dir='ltr'><strong>verterunt,</strong></span> <span class='ocrx_word' id='word_1_286' title='bbox 621 3593 653 3638; x_wconf 92' lang='lat' dir='ltr'><strong>ut</strong></span> <span class='ocrx_word' id='word_1_287' title='bbox 675 3588 775 3656; x_wconf 90' lang='lat' dir='ltr'><strong>partim</strong></span> <span class='ocrx_word' id='word_1_288' title='bbox 799 3588 830 3639; x_wconf 87' lang='lat' dir='ltr'><strong>iu</strong></span> <span class='ocrx_word' id='word_1_289' title='bbox 854 3586 980 3659; x_wconf 86' lang='lat' dir='ltr'><strong>equites,</strong></span> <span class='ocrx_word' id='word_1_290' title='bbox 1009 3588 1161 3657; x_wconf 83' lang='lat' dir='ltr'><strong>partimin</strong></span> 
     </span>
     <span class='ocr_line' id='line_1_33' title="bbox 68 3655 1162 3728; baseline 0.002 -21"><span class='ocrx_word' id='word_1_291' title='bbox 68 3658 178 3728; x_wconf 81' lang='lat' dir='ltr'><strong>pediter</strong></span> <span class='ocrx_word' id='word_1_292' title='bbox 196 3656 351 3711; x_wconf 83' lang='lat' dir='ltr'><strong>inciderent</strong></span> <span class='ocrx_word' id='word_1_293' title='bbox 369 3666 399 3712; x_wconf 87' lang='lat' dir='ltr'><strong>et</strong></span> <span class='ocrx_word' id='word_1_294' title='bbox 418 3656 627 3713; x_wconf 76' lang='lat' dir='ltr'><strong>trucidarentur.</strong></span> <span class='ocrx_word' id='word_1_295' title='bbox 664 3655 831 3709; x_wconf 85' lang='lat' dir='ltr'><strong>Sabinianus</strong></span> <span class='ocrx_word' id='word_1_296' title='bbox 860 3667 989 3710; x_wconf 88' lang='lat' dir='ltr'><strong>curruum</strong></span> <span class='ocrx_word' id='word_1_297' title='bbox 1013 3657 1086 3723; x_wconf 89' lang='lat' dir='ltr'><strong>duo,</strong></span> <span class='ocrx_word' id='word_1_298' title='bbox 1113 3675 1162 3711; x_wconf 82' lang='lat' dir='ltr'><strong>ca·</strong></span> 
     </span>
     <span class='ocr_line' id='line_1_34' title="bbox 67 3727 1159 3801; baseline 0 -21"><span class='ocrx_word' id='word_1_299' title='bbox 67 3729 208 3800; x_wconf 82' lang='lat' dir='ltr'><strong>ptivorum</strong></span> <span class='ocrx_word' id='word_1_300' title='bbox 226 3729 298 3798; x_wconf 83' lang='lat' dir='ltr'><strong>pius,</strong></span> <span class='ocrx_word' id='word_1_301' title='bbox 316 3745 400 3799; x_wconf 86' lang='lat' dir='ltr'><strong>quam</strong></span> <span class='ocrx_word' id='word_1_302' title='bbox 423 3730 547 3801; x_wconf 87' lang='lat' dir='ltr'><strong>quinque</strong></span> <span class='ocrx_word' id='word_1_303' title='bbox 572 3727 671 3787; x_wconf 89' lang='lat' dir='ltr'><strong>millia,</strong></span> <span class='ocrx_word' id='word_1_304' title='bbox 688 3728 780 3797; x_wconf 90' lang='lat' dir='ltr'><strong>cepit,</strong></span> <span class='ocrx_word' id='word_1_305' title='bbox 797 3735 826 3778; x_wconf 90' lang='lat' dir='ltr'><strong>et</strong></span> <span class='ocrx_word' id='word_1_306' title='bbox 842 3743 899 3778; x_wconf 87' lang='lat' dir='ltr'><strong>non</strong></span> <span class='ocrx_word' id='word_1_307' title='bbox 916 3744 1013 3798; x_wconf 85' lang='lat' dir='ltr'><strong>parurn</strong></span> <span class='ocrx_word' id='word_1_308' title='bbox 1031 3729 1159 3798; x_wconf 86' lang='lat' dir='ltr'><strong>praedae.</strong></span> 
     </span>
     <span class='ocr_line' id='line_1_35' title="bbox 69 3797 1160 3869; baseline 0.001 -20"><span class='ocrx_word' id='word_1_309' title='bbox 69 3797 205 3868; x_wconf 69' lang='lat' dir='ltr'><strong>turribus</strong></span> <span class='ocrx_word' id='word_1_310' title='bbox 222 3807 315 3851; x_wconf 83' lang='lat' dir='ltr'><strong>tamen</strong></span> <span class='ocrx_word' id='word_1_311' title='bbox 333 3799 458 3869; x_wconf 83' lang='lat' dir='ltr'><strong>aliquot,</strong></span> <span class='ocrx_word' id='word_1_312' title='bbox 477 3816 547 3869; x_wconf 84' lang='lat' dir='ltr'><strong>quoa</strong></span> <span class='ocrx_word' id='word_1_313' title='bbox 566 3797 675 3849; x_wconf 85' lang='lat' dir='ltr'><strong>difficile</strong></span> <span class='ocrx_word' id='word_1_314' title='bbox 692 3798 790 3850; x_wconf 82' lang='lat' dir='ltr'><strong>fuisset</strong></span> <span class='ocrx_word' id='word_1_315' title='bbox 806 3815 857 3867; x_wconf 88' lang='lat' dir='ltr'><strong>per</strong></span> <span class='ocrx_word' id='word_1_316' title='bbox 874 3803 916 3849; x_wconf 91' lang='lat' dir='ltr'><strong>tot</strong></span> <span class='ocrx_word' id='word_1_317' title='bbox 933 3808 1080 3868; x_wconf 82' lang='lat' dir='ltr'><strong>praerupta</strong></span> <span class='ocrx_word' id='word_1_318' title='bbox 1099 3799 1160 3850; x_wconf 89' lang='lat' dir='ltr'><strong>ioca</strong></span> 
     </span>
     <span class='ocr_line' id='line_1_36' title="bbox 70 3866 1160 3939; baseline 0 -19"><span class='ocrx_word' id='word_1_319' title='bbox 70 3884 168 3939; x_wconf 74' lang='lat' dir='ltr'><strong>agere,</strong></span> <span class='ocrx_word' id='word_1_320' title='bbox 197 3870 226 3920; x_wconf 88' lang='lat' dir='ltr'><strong>io</strong></span> <span class='ocrx_word' id='word_1_321' title='bbox 249 3877 343 3922; x_wconf 89' lang='lat' dir='ltr'><strong>monte</strong></span> <span class='ocrx_word' id='word_1_322' title='bbox 367 3871 494 3930; x_wconf 83' lang='lat' dir='ltr'><strong>incensis,</strong></span> <span class='ocrx_word' id='word_1_323' title='bbox 513 3866 684 3937; x_wconf 79' lang='lat' dir='ltr'><strong>Lychnidum</strong></span> <span class='ocrx_word' id='word_1_324' title='bbox 709 3870 877 3922; x_wconf 71' lang='lat' dir='ltr'><strong>revertitur:</strong></span> <span class='ocrx_word' id='word_1_325' title='bbox 904 3869 951 3921; x_wconf 91' lang='lat' dir='ltr'><strong>bic</strong></span> <span class='ocrx_word' id='word_1_326' title='bbox 968 3869 1160 3924; x_wconf 73' lang='lat' dir='ltr'><strong>Adamantiurn</strong></span> 
     </span>
    </p>
   </div>
   <div class='ocr_carea' id='block_1_5' title="bbox 68 3937 1160 4060">
    <p class='ocr_par' dir='ltr' id='par_1_5' title="bbox 68 3937 1160 4060">
     <span class='ocr_line' id='line_1_37' title="bbox 68 3937 1160 4060; baseline -0.002 -68"><span class='ocrx_word' id='word_1_327' title='bbox 68 3939 189 4060; x_wconf 76' lang='lat' dir='ltr'><strong>reperit,</strong></span> <span class='ocrx_word' id='word_1_328' title='bbox 216 3941 264 4008; x_wconf 89' lang='lat' dir='ltr'><strong>qui</strong></span> <span class='ocrx_word' id='word_1_329' title='bbox 282 3958 298 3991; x_wconf 90' lang='lat' dir='ltr'><strong>a</strong></span> <span class='ocrx_word' id='word_1_330' title='bbox 317 3939 457 4010; x_wconf 86' lang='lat' dir='ltr'><strong>colloquio</strong></span> <span class='ocrx_word' id='word_1_331' title='bbox 481 3954 541 3991; x_wconf 90' lang='lat' dir='ltr'><strong>cum</strong></span> <span class='ocrx_word' id='word_1_332' title='bbox 560 3937 753 3990; x_wconf 83' lang='lat' dir='ltr'><strong>Tbcudericbo</strong></span> <span class='ocrx_word' id='word_1_333' title='bbox 772 3938 907 3992; x_wconf 51' lang='lat' dir='ltr'><strong>redierat.¹</strong></span> <span class='ocrx_word' id='word_1_334' title='bbox 937 3939 1067 3992; x_wconf 90' lang='lat' dir='ltr'><strong>Nondum</strong></span> <span class='ocrx_word' id='word_1_335' title='bbox 1085 3939 1160 3990; x_wconf 90' lang='lat' dir='ltr'><strong>enim</strong></span> 
     </span>
    </p>
   </div>
   <div class='ocr_carea' id='block_1_6' title="bbox 62 4008 1162 4505">
    <p class='ocr_par' dir='ltr' id='par_1_6' title="bbox 62 4008 1162 4505">
     <span class='ocr_line' id='line_1_38' title="bbox 70 4008 1158 4080; baseline -0.005 -16"><span class='ocrx_word' id='word_1_336' title='bbox 70 4011 96 4064; x_wconf 88' lang='grc' dir='ltr'><strong>Τ</strong></span> <span class='ocrx_word' id='word_1_337' title='bbox 118 4009 299 4074; x_wconf 86' lang='lat' dir='ltr'><strong>euderichus,</strong></span> <span class='ocrx_word' id='word_1_338' title='bbox 326 4011 446 4080; x_wconf 89' lang='lat' dir='ltr'><strong>quaein</strong></span> <span class='ocrx_word' id='word_1_339' title='bbox 465 4018 590 4062; x_wconf 75' lang='lat' dir='ltr'><strong>monteri</strong></span> <span class='ocrx_word' id='word_1_340' title='bbox 609 4008 759 4061; x_wconf 81' lang='lat' dir='ltr'><strong>Sabiniano</strong></span> <span class='ocrx_word' id='word_1_341' title='bbox 779 4018 853 4078; x_wconf 73' lang='lat' dir='ltr'><strong>gesta</strong></span> <span class='ocrx_word' id='word_1_342' title='bbox 872 4017 962 4072; x_wconf 91' lang='lat' dir='ltr'><strong>erant,</strong></span> <span class='ocrx_word' id='word_1_343' title='bbox 989 4017 1158 4076; x_wconf 75' lang='lat' dir='ltr'><strong>cognoverat.</strong></span> 
     </span>
     <span class='ocr_line' id='line_1_39' title="bbox 69 4077 1159 4150; baseline -0.003 -19"><span class='ocrx_word' id='word_1_344' title='bbox 69 4079 250 4150; x_wconf 65' lang='lat' dir='ltr'><strong>Captivorum</strong></span> <span class='ocrx_word' id='word_1_345' title='bbox 268 4087 361 4132; x_wconf 89' lang='lat' dir='ltr'><strong>autem</strong></span> <span class='ocrx_word' id='word_1_346' title='bbox 379 4079 531 4133; x_wconf 85' lang='lat' dir='ltr'><strong>nobiliores</strong></span> <span class='ocrx_word' id='word_1_347' title='bbox 558 4077 699 4131; x_wconf 74' lang='lat' dir='ltr'><strong>custodiae</strong></span> <span class='ocrx_word' id='word_1_348' title='bbox 725 4080 856 4142; x_wconf 86' lang='lat' dir='ltr'><strong>tradidit,</strong></span> <span class='ocrx_word' id='word_1_349' title='bbox 883 4079 1003 4150; x_wconf 85' lang='lat' dir='ltr'><strong>reliquos</strong></span> <span class='ocrx_word' id='word_1_350' title='bbox 1022 4077 1159 4129; x_wconf 84' lang='lat' dir='ltr'><strong>militibus</strong></span> 
     </span>
     <span class='ocr_line' id='line_1_40' title="bbox 69 4148 1160 4221; baseline -0.005 -14"><span class='ocrx_word' id='word_1_351' title='bbox 69 4167 138 4207; x_wconf 78' lang='lat' dir='ltr'><strong>eum</strong></span> <span class='ocrx_word' id='word_1_352' title='bbox 162 4149 266 4221; x_wconf 86' lang='lat' dir='ltr'><strong>praeda</strong></span> <span class='ocrx_word' id='word_1_353' title='bbox 288 4150 439 4203; x_wconf 85' lang='lat' dir='ltr'><strong>distribuit.</strong></span> <span class='ocrx_word' id='word_1_354' title='bbox 476 4149 511 4202; x_wconf 86' lang='lat' dir='ltr'><strong>Et</strong></span> <span class='ocrx_word' id='word_1_355' title='bbox 535 4167 596 4200; x_wconf 91' lang='lat' dir='ltr'><strong>cum</strong></span> <span class='ocrx_word' id='word_1_356' title='bbox 620 4166 675 4203; x_wconf 90' lang='lat' dir='ltr'><strong>non</strong></span> <span class='ocrx_word' id='word_1_357' title='bbox 697 4149 786 4200; x_wconf 86' lang='lat' dir='ltr'><strong>multo</strong></span> <span class='ocrx_word' id='word_1_358' title='bbox 810 4158 874 4202; x_wconf 84' lang='lat' dir='ltr'><strong>ante</strong></span> <span class='ocrx_word' id='word_1_359' title='bbox 898 4166 947 4218; x_wconf 92' lang='lat' dir='ltr'><strong>per</strong></span> <span class='ocrx_word' id='word_1_360' title='bbox 967 4149 1098 4217; x_wconf 70' lang='lat' dir='ltr'><strong>civitatee</strong></span> <span class='ocrx_word' id='word_1_361' title='bbox 1124 4148 1160 4201; x_wconf 78' lang='lat' dir='ltr'><strong>ati</strong></span> 
     </span>
     <span class='ocr_line' id='line_1_41' title="bbox 69 4219 1160 4290; baseline -0.003 -16"><span class='ocrx_word' id='word_1_362' title='bbox 69 4237 154 4274; x_wconf 84' lang='lat' dir='ltr'><strong>usum</strong></span> <span class='ocrx_word' id='word_1_363' title='bbox 171 4221 307 4275; x_wconf 79' lang='lat' dir='ltr'><strong>exercituo</strong></span> <span class='ocrx_word' id='word_1_364' title='bbox 326 4237 420 4274; x_wconf 87' lang='lat' dir='ltr'><strong>currus</strong></span> <span class='ocrx_word' id='word_1_365' title='bbox 437 4220 641 4290; x_wconf 88' lang='lat' dir='ltr'><strong>praeparandos</strong></span> <span class='ocrx_word' id='word_1_366' title='bbox 657 4223 832 4287; x_wconf 71' lang='lat' dir='ltr'><strong>imperasset,</strong></span> <span class='ocrx_word' id='word_1_367' title='bbox 852 4228 883 4271; x_wconf 91' lang='lat' dir='ltr'><strong>ut</strong></span> <span class='ocrx_word' id='word_1_368' title='bbox 899 4219 960 4273; x_wconf 85' lang='lat' dir='ltr'><strong>istis</strong></span> <span class='ocrx_word' id='word_1_369' title='bbox 977 4226 1020 4270; x_wconf 86' lang='lat' dir='ltr'><strong>est</strong></span> <span class='ocrx_word' id='word_1_370' title='bbox 1038 4220 1160 4287; x_wconf 83' lang='lat' dir='ltr'><strong>potitur,</strong></span> 
     </span>
     <span class='ocr_line' id='line_1_42' title="bbox 67 4286 1161 4361; baseline -0.002 -19"><span class='ocrx_word' id='word_1_371' title='bbox 67 4286 164 4347; x_wconf 77' lang='lat' dir='ltr'><strong>¹vetuit</strong></span> <span class='ocrx_word' id='word_1_372' title='bbox 180 4293 304 4344; x_wconf 79' lang='lat' dir='ltr'><strong>civitates</strong></span> <span class='ocrx_word' id='word_1_373' title='bbox 322 4291 440 4360; x_wconf 84' lang='lat' dir='ltr'><strong>amplius</strong></span> <span class='ocrx_word' id='word_1_374' title='bbox 459 4288 494 4343; x_wconf 89' lang='lat' dir='ltr'><strong>de</strong></span> <span class='ocrx_word' id='word_1_375' title='bbox 513 4287 639 4351; x_wconf 79' lang='lat' dir='ltr'><strong>curribus¹</strong></span> <span class='ocrx_word' id='word_1_376' title='bbox 655 4287 796 4352; x_wconf 85' lang='lat' dir='ltr'><strong>laborare,</strong></span> <span class='ocrx_word' id='word_1_377' title='bbox 818 4290 884 4361; x_wconf 89' lang='lat' dir='ltr'><strong>quia</strong></span> <span class='ocrx_word' id='word_1_378' title='bbox 904 4287 981 4359; x_wconf 81' lang='lat' dir='ltr'><strong>quoti</strong></span> <span class='ocrx_word' id='word_1_379' title='bbox 1008 4288 1074 4340; x_wconf 82' lang='lat' dir='ltr'><strong>satis</strong></span> <span class='ocrx_word' id='word_1_380' title='bbox 1100 4296 1161 4340; x_wconf 88' lang='lat' dir='ltr'><strong>erat</strong></span> 
     </span>
     <span class='ocr_line' id='line_1_43' title="bbox 67 4357 1161 4431; baseline -0.003 -16"><span class='ocrx_word' id='word_1_381' title='bbox 67 4359 204 4424; x_wconf 75' lang='lat' dir='ltr'><strong>babebat</strong></span> <span class='ocrx_word' id='word_1_382' title='bbox 242 4362 290 4414; x_wconf 85' lang='lat' dir='ltr'><strong>His</strong></span> <span class='ocrx_word' id='word_1_383' title='bbox 308 4361 347 4413; x_wconf 89' lang='lat' dir='ltr'><strong>ita</strong></span> <span class='ocrx_word' id='word_1_384' title='bbox 365 4361 462 4431; x_wconf 75' lang='lat' dir='ltr'><strong>gestis,</strong></span> <span class='ocrx_word' id='word_1_385' title='bbox 480 4359 578 4413; x_wconf 90' lang='lat' dir='ltr'><strong>scribit</strong></span> <span class='ocrx_word' id='word_1_386' title='bbox 595 4358 775 4413; x_wconf 76' lang='lat' dir='ltr'><strong>Adamantius</strong></span> <span class='ocrx_word' id='word_1_387' title='bbox 792 4360 830 4409; x_wconf 87' lang='lat' dir='ltr'><strong>lm</strong></span> <span class='ocrx_word' id='word_1_388' title='bbox 853 4360 972 4423; x_wconf 87' lang='lat' dir='ltr'><strong>cratori,</strong></span> <span class='ocrx_word' id='word_1_389' title='bbox 988 4357 1161 4412; x_wconf 87' lang='lat' dir='ltr'><strong>utheude·</strong></span> 
     </span>
     <span class='ocr_line' id='line_1_44' title="bbox 62 4428 1162 4505; baseline -0.003 -19"><span class='ocrx_word' id='word_1_390' title='bbox 62 4433 148 4491; x_wconf 81' lang='lat' dir='ltr'><strong>richo</strong></span> <span class='ocrx_word' id='word_1_391' title='bbox 167 4434 346 4504; x_wconf 81' lang='lat' dir='ltr'><strong>promiserat,</strong></span> <span class='ocrx_word' id='word_1_392' title='bbox 372 4448 525 4497; x_wconf 72' lang='lat' dir='ltr'><strong>sermonen,</strong></span> <span class='ocrx_word' id='word_1_393' title='bbox 552 4445 622 4505; x_wconf 83' lang='lat' dir='ltr'><strong>quor</strong></span> <span class='ocrx_word' id='word_1_394' title='bbox 647 4445 708 4484; x_wconf 86' lang='lat' dir='ltr'><strong>cunr</strong></span> <span class='ocrx_word' id='word_1_395' title='bbox 737 4445 771 4485; x_wconf 88' lang='lat' dir='ltr'><strong>eo</strong></span> <span class='ocrx_word' id='word_1_396' title='bbox 796 4428 816 4482; x_wconf 88' lang='lat' dir='ltr'>h</span> <span class='ocrx_word' id='word_1_397' title='bbox 854 4433 940 4482; x_wconf 88' lang='lat' dir='ltr'><strong>uerat.</strong></span> <span class='ocrx_word' id='word_1_398' title='bbox 976 4428 1108 4485; x_wconf 85' lang='lat' dir='ltr'><strong>Scribunt</strong></span> <span class='ocrx_word' id='word_1_399' title='bbox 1131 4436 1162 4483; x_wconf 84' lang='lat' dir='ltr'><strong>et</strong></span> 
     </span>
    </p>
   </div>
   <div class='ocr_carea' id='block_1_7' title="bbox 100 4535 961 4609">
    <p class='ocr_par' dir='ltr' id='par_1_7' title="bbox 100 4535 961 4609">
     <span class='ocr_line' id='line_1_45' title="bbox 100 4535 961 4609; baseline -0.009 -14"><span class='ocrx_word' id='word_1_400' title='bbox 100 4537 268 4608; x_wconf 71' lang='lat' dir='ltr'><strong>Dexippus,</strong></span> <span class='ocrx_word' id='word_1_401' title='bbox 284 4535 432 4609; x_wconf 71' lang='lat' dir='ltr'><strong>Emptos</strong></span> <span class='ocrx_word' id='word_1_402' title='bbox 448 4549 501 4593; x_wconf 84' lang='lat' dir='ltr'><strong>stc.</strong></span> <span class='ocrx_word' id='word_1_403' title='bbox 930 4550 961 4606; x_wconf 81' lang='grc' dir='ltr'><strong><em>ιγ</em></strong></span> 
     </span>
    </p>
   </div>
   <div class='ocr_carea' id='block_1_8' title="bbox 0 0 1396 5106">
    <p class='ocr_par' dir='ltr' id='par_1_8' title="bbox 0 0 1396 5106">
     <span class='ocr_line' id='line_1_46' title="bbox 0 0 1396 5106; baseline 0 0"><span class='ocrx_word' id='word_1_404' title='bbox 0 0 1396 5106; x_wconf 95' lang='lat' dir='ltr'><strong> </strong></span> 
     </span>
    </p>
   </div>
  </div>
 </body>
</html>
