2774 5122
219 203 224 210 ι

113 251 129 278 ·
217 212 306 318 416
493 272 496 279 ,
590 196 869 305 viniciemus

71 409 103 464 Δ.
116 391 307 470 ῦ.58οιιότες
324 389 485 475 αόλεμουι
508 389 921 478 ποίοιςδγκαλλααιζόμενοι
937 394 1121 479 τρουαίοιςς
1142 399 1203 458 not
1227 393 1310 479 δῆτιι

102 478 160 563 ῙΡά·
178 482 447 580 13καθυπέρτεροι
465 489 631 577 γενόμενοι
650 497 809 578 Περσῶν,
844 485 912 558 ἀλλ’
941 486 993 558 ὅτι
1021 488 1167 578 οἶαειρίας
1188 492 1311 578 δραξά-

85 549 310 677 madmena
341 598 400 661 τοῦ
428 591 625 677 Ταχοσδριό,
653 592 709 657 καί
727 587 973 678 περιαγαγόντες
1007 592 1105 660 αυτόν
1137 597 1172 670 ἐς
1195 585 1311 658 ῶλλοτε

215 685 334 770 ῶλλους
351 689 488 778 χῶρους,
511 690 621 784 ἐπειδὴ
642 694 921 779 αεριιιλανωμίνου
941 694 975 770 ἐξ
994 694 1168 778 Ἀρμενίας
1188 695 1311 758 ἐκείνου

221 796 269 871 είς
296 789 490 879 Ἀρζανηνην
525 791 581 857 καί
610 789 673 856 dud
698 790 893 879 Ἀρζανηνῆς
925 793 959 868 ἐς
998 793 1166 878 Ἀρμενίαν
1197 786 1330 866 ῶδειανό

214 890 314 976 ’ἔσχον
334 889 366 957 οἱ
389 892 550 974 Ῥωμαῖοι
570 893 783 976 καταδραμεῖν
803 891 862 976 τὴν
882 895 925 956 ito
946 897 1095 979 Περσῶν·
1116 897 1162 981 τῷ
1180 916 1230 959 τοι
1246 885 1312 976 ῶρα

185 989 426 1079 ὒβρενθόονιαι
445 988 522 1067 ἴσως
542 989 597 1056 καί
613 994 881 1075 μεγαλαυχοῦσιν,
904 987 1134 1069 ὖαοτοιιοῧντες
1154 995 1189 1058 ἐν
1216 988 1312 1057 ἐλάτ-

115 1105 149 1158 V.
162 1108 285 1160 ussum
305 1091 401 1180 μοίρᾳ
422 1086 461 1156 τό
475 1091 614 1176 ἡμέτερα
635 1095 771 1161 κεῖσθαι.
793 1088 933 1157 ἴστωσαν
948 1082 1014 1173 οὖν,
1031 1090 1112 1179 ἔφη,
1138 1088 1311 1174 Ῥωμαῖοι,

213 1192 260 1271 ’ῶς
282 1192 358 1259 ου’δὲ
379 1183 480 1266 ἄλλως
501 1190 652 1272 αἰνίξομαι
671 1193 729 1275 τῆς
748 1191 892 1276 εἰρήνης,
915 1194 946 1257 εἰ
963 1191 1007 1277 μή
1029 1218 1080 1256 nor
1103 1193 1313 1261 κατατιθέναι

212 1295 357 1376 ’μέλλοιεν
377 1292 433 1353 καί
464 1286 504 1354 τό
526 1283 588 1355 ὅσα
616 1287 698 1375 ιιρός
724 1293 883 1374 βασιλέως
900 1286 1136 1369 Ἰουστινιανοῶ
1164 1288 1351 1373 ἒκομιζό-ιο

210 1396 302 1476 μεθα
319 1385 475 1477 χρήματα
496 1390 544 1455 εἶν’
574 1386 669 1466 ἔτος.”
698 1392 837 1480 τοσαύτῃ
863 1394 1077 1480 μεγαληγορίᾳ
1105 1392 1312 1476 χρησαμένου

210 1493 377 1577 Ὁρμίσδα,
398 1485 492 1572 μόλις
512 1489 693 1577 ἀφείθησαν
704 1494 874 1576 Ζαχαρίας
894 1515 929 1556 τε
948 1491 1004 1557 καί
1025 1487 1209 1575 Θεόδωρος,
1232 1485 1314 1576 ἄχρι

213 1592 312 1677 τριῶν
341 1583 403 1675 ἤδη
421 1583 600 1674 φθινόντων
619 1592 728 1674 μηνῶν
756 1588 856 1655 ἐκεῖσε
876 1587 1161 1677 ἐνδιατρίψαντες,
1186 1588 1314 1654 πάντων

214 1693 253 1755 ’δὲ
273 1692 336 1755 τῶν
371 1692 539 1774 δυσχερῶν
564 1685 597 1764 ἐς
625 1697 738 1774 πεῖραν
775 1685 927 1767 ἐλθόντες·
962 1690 1018 1755 καί
1042 1687 1101 1775 γὰρ
1135 1684 1212 1755 ου’δὲ
1239 1687 1312 1754 ὅσον

153 1868 156 1872 .
214 1792 296 1873 α’έρα
322 1787 465 1874 καθαρόν
485 1787 681 1853 ἀναπνεῦσαι
689 1838 699 1870 ,
721 1788 761 1850 od
782 1785 847 1873 μην
868 1788 1033 1872 mondum
1053 1788 1087 1855 ἐκ
1107 1791 1164 1855 τοῦ
1185 1790 1346 1873 τέγους,ιὸ

180 1889 266 1954 Diva
287 1885 525 1972 ἐνδιαιτώμενοι
545 1880 639 1972 ἦσαν,
662 1882 861 1973 ξυνεχῶρουν
886 1874 934 1963 sir*
954 1887 974 1972 ἦ
996 1888 1122 1976 φυλακὴ
1137 1894 1211 1958 τῶνε
1233 1891 1311 1973 αρέ-

212 1994 314 2073 σβεοον
335 1989 483 2071 ἀνειμένη
501 1973 678 2070 Ιδτόγγανε·
699 1983 736 2051 τό
758 2010 792 2053 rs
823 1983 983 2070 δωμάτιον
1004 1983 1083 2054 αότὸ
1114 1990 1260 2075 ζοφῶδες
1279 2010 1311 2054 rs

212 2083 254 2174 ἦν
274 2091 331 2154 καί
363 2085 553 2159 διότινευτον
580 2086 635 2151 καί
661 2080 731 2177 ῶρρι
751 2091 868 2173 θέρους
888 2090 921 2165 ἐς
941 2086 979 2154 τὰ
1001 2084 1144 2170 μάλιστα
1167 2083 1312 2172 ἀναρμό-

211 2191 299 2269 διον,
325 2187 368 2264 ῶς
392 2190 493 2252 δοκεῖν
513 2181 651 2251 εἶναιτὸ
668 2192 780 2272 χρῆμα
803 2184 938 2274 εἱρκτήν.
957 2199 1023 2264 τοῖς
1043 2189 1181 2253 τοιοῖσδε
1202 2178 1310 2252 τοίνυν

213 2291 330 2365 δεινοῖς
348 2289 606 2369 ἐκτετριμμένοις
629 2288 812 2372 διαφῆκεν,
834 2290 939 2377 πολλῷ
957 2283 1189 2373 δυσκολώτερον
1209 2278 1345 2362 aduerso

211 2384 292 2475 σρδς
311 2383 367 2473 την
385 2381 538 2451 ἐπάνοδον
556 2385 668 2463 αὐτοῖς
679 2381 889 2472 χρησόμενοι,
911 2386 953 2465 ῶς
973 2382 1052 2472 μήτε
1072 2392 1135 2453 τῶν
1156 2386 1309 2472 οἶνογιιαιί

284 2564 310 2618 γ,
326 2547 516 2619 βρενθδονται
532 2546 581 2611 Η.,
596 2547 780 2617 βρενεδονται
797 2547 869 2620 vulg.
972 2568 997 2620 9.
1018 2547 1110 2607 ditae
1130 2527 1155 2600 ii
1177 2586 1185 2613 ,
1216 2528 1311 2602 ἄλλον

221 2677 225 2687 ‚
281 2619 354 2690 vulg.
412 2637 450 2674 ιο.
468 2620 604 2688 βασιλέως
624 2619 675 2683 Η.,
691 2621 808 2689 βασιλέα
825 2620 900 2743 ναλφ.
973 2638 1012 2675 ιι.
1032 2619 1080 2673 τίν’
1097 2621 1159 2676 ἔτος
1178 2619 1221 2681 Η.,
1241 2619 1307 2671 ἄνει

280 2705 329 2747 τος
345 2690 416 2759 vulg.
479 2687 672 2760 ι4.’ἰλθόνταν
694 2692 765 2761 vulg.
819 2694 859 2748 ιδ.
886 2687 1062 2747 ιίιτνευοτον
1078 2690 1130 2755 Η.,
1146 2687 1305 2745 diceione-

282 2774 352 2814 στον
367 2760 400 2812 Ν.

211 2871 301 2927 Persis
320 2873 487 2926 eraserunt?
522 2873 664 2943 Imperitia
681 2873 795 2943 quidem
825 2881 854 2926 et
871 2872 1059 2944 imprudentis
1086 2871 1241 2926 Tsehosdri
1265 2887 1305 2926 res

212 2944 285 2997 bene
303 2953 460 3014 gesserunt,
486 2945 552 2997 dum
570 2945 661 3014 ipsum
691 2961 725 2996 ex
742 2961 796 2996 una
816 2947 928 3015 regione
952 2947 982 2998 in
1001 2947 1084 2997 eiiam
1108 2945 1305 3012 circumagunt,

213 3023 243 3066 et
262 3013 344 3068 modo
364 3030 397 3066 ex
421 3017 549 3068 Armenia
574 3017 604 3068 in
623 3015 807 3078 Arzauenesss,
833 3015 914 3067 modo
933 3033 967 3068 ex
986 3020 1126 3068 Arzanene
1153 3015 1184 3066 in
1209 3019 1305 3067 Arme·

212 3086 288 3138 niam
300 3100 449 3138 ‘excurrere
467 3087 590 3157 cogitur,
619 3087 760 3156 regionem
777 3087 928 3149 Persarum,
947 3103 1018 3157 quae
1037 3095 1079 3138 est
1096 3084 1131 3136 ed
1153 3087 1306 3148 Orientem,

214 3154 375 3224 depopulati
397 3165 469 3208 sunt„
505 3158 564 3208 Hoc
582 3165 624 3209 est
648 3157 782 3219 fortusse,
807 3157 883 3227 quod
905 3173 1016 3227 magnos
1045 3156 1158 3225 spiritus
1187 3164 1307 3225 gerunt,

213 3242 269 3296 quo
288 3226 469 3295 superbiunt,
495 3229 684 3279 existimantes
702 3226 839 3280 deteriore
858 3227 1019 3280 conditione
1044 3245 1086 3283 res
1111 3233 1219 3278 nostras
1241 3243 1305 3295 pro·

211 3303 310 3349 stratus
329 3296 424 3349 iacere.
461 3297 574 3360 „Sciant
588 3298 715 3362 Romani,
741 3298 851 3370 inquit,
875 3314 994 3350 menon
1015 3298 1077 3350 aliis
1096 3296 1306 3350 conditionibus

210 3380 305 3436 paoem
323 3368 383 3418 fieri
403 3369 609 3436 permissurum,
627 3384 709 3439 quam
727 3370 751 3422 si
770 3370 927 3436 persolvent
949 3383 1043 3422 omnes
1065 3368 1213 3438 pecunias,
1238 3383 1307 3439 quas

211 3438 379 3490 lastinianus
397 3439 512 3505 singulis
534 3441 613 3491 annis
630 3440 711 3490 nobis
729 3439 849 3508 pendere
868 3449 927 3493 erat
946 3441 1070 3492 solitus.”
1096 3440 1154 3490 Hae
1171 3437 1305 3491 insolenti

211 3510 335 3561 oratione
354 3508 498 3561 Hormisda
518 3527 586 3572 uso,
611 3511 657 3560 vis
677 3510 767 3562 tribus
793 3510 902 3562 demum
926 3519 989 3579 post
1013 3510 1155 3563 mensibus
1185 3509 1306 3578 elapsis,

211 3579 350 3632 Zacharias
383 3588 411 3630 et
437 3579 599 3632 Theodorus
629 3578 794 3632 difficillima
820 3587 849 3631 et
866 3583 956 3649 gravis
985 3597 1111 3652 quaeque
1135 3579 1305 3648 experiendo

211 3651 354 3721 perpessi,
381 3651 539 3703 missionem
562 3651 750 3704 obtinuerunt.
793 3650 890 3722 Neque
914 3652 987 3702 enim
1016 3668 1118 3721 purum
1140 3656 1206 3702 aira
1235 3650 1306 3702 hau·

212 3724 280 3784 rire,
309 3737 400 3790 neque
423 3721 511 3773 libere
540 3738 572 3774 ex
598 3731 686 3784 tecto,
710 3720 762 3773 sub
790 3738 845 3792 quo
873 3721 1094 3784 diversabantur,
1124 3722 1154 3773 in
1179 3729 1305 3791 apertum

211 3794 287 3844 exire
312 3808 407 3844 eorum
436 3792 576 3844 custodiae
604 3792 753 3862 praepositi
775 3790 984 3862 permittebant.
1028 3795 1132 3846 Domus
1157 3807 1245 3854 vero,
1274 3793 1305 3843 in

212 3880 267 3932 qua
292 3860 474 3926 habitabant,
504 3871 564 3916 erat
589 3863 746 3923 obscurior,
774 3871 886 3915 etcum
916 3864 1029 3915 ineam
1062 3880 1096 3915 ex
1121 3864 1199 3915 omni
1228 3869 1305 3932 parte

211 3934 286 3987 venti
303 3934 461 4003 perflarunt,
470 3942 573 3986 aestate
591 3934 716 4003 inprimis
735 3934 813 3986 vaide
833 3934 948 3987 molesta
970 3943 1038 3998 τινα
1056 3932 1177 4004 denique
1197 3951 1227 3987 re
1241 3949 1305 3984 vers

213 4003 310 4055 domus
330 4020 419 4057 carcer
436 4021 495 4057 esse
515 4002 666 4057 videbatur.
704 4005 754 4057 His
776 4007 860 4075 igitur
874 4005 954 4056 malis
978 4015 1007 4057 et
1025 4003 1207 4057 incommodis
1224 4005 1305 4056 attri-
1346 4005 1350 4015 '

213 4081 256 4124 tos
275 4081 304 4124 et
319 4075 458 4128 coniectos
476 4076 563 4127 multo
579 4077 700 4145 graviora
718 4077 748 4127 in
766 4075 857 4127 reditu
872 4091 998 4144 passuros
1018 4073 1132 4126 dimisit„
1169 4074 1240 4127 Nam
1254 4089 1306 4126 nee

212 4141 270 4196 iilis
287 4159 377 4197 rerum
392 4148 606 4201 necessariarum
622 4146 738 4218 copiam,
759 4146 853 4220 quoad
871 4148 937 4201 satis
955 4155 1037 4213 esset,
1053 4147 1305 4210 administrabunt,
