2724 5092
272 230 330 333 dd
480 298 483 312 .
735 256 946 323 exornent

133 427 204 481 tc.
216 404 432 493 35ssbipesos,
462 409 519 477 καί
538 413 750 496 διαλεχθῆναι
770 415 814 500 τῷ
834 415 935 497 πατρί
953 410 1106 487 κελεύσας
1136 406 1197 478 ὅσα
1216 413 1307 496 ἒβοὺλ

125 567 148 622 c
185 498 478 618 ΙΙἰίῑῑπεριεσιιόπει
498 509 534 575 τὸ
554 500 846 596 πραχθησόμενον.
885 508 925 575 τά
954 513 991 576 δὲ
1013 509 1069 575 ἐπί
1094 509 1219 587 τούτοις
1238 506 1307 597 ἧνι

148 584 202 690 idi
211 587 265 709 οἳ
273 609 403 675 τούτων.
444 609 501 674 οὑκ
521 606 625 675 ἔτεκεν
646 608 664 671 ὑ
685 604 773 694 ἥλιος
792 607 943 696 τοιαύτην
963 607 1095 696 ἡμέραν,
1117 615 1190 677 οῖον
1209 610 1282 677 τότε
1302 645 1307 677 ι

273 718 339 784 τοῖς
366 713 526 795 παροῦσιν
546 708 626 797 ὄρᾷν
655 708 711 774 καὶ
730 706 888 796 ἱστορεῖν.
931 708 961 775 ot
979 712 1040 792 μὲν
1059 708 1121 796 γάρ
1144 709 1208 775 α’πὸ
1227 716 1307 797 &opi

272 808 328 874 καί
345 805 473 896 θρήνων
492 808 638 894 ἐκπλήξει
658 805 715 874 καί
733 805 856 892 θάμβει
876 813 1079 885 συνδεθέντας
1106 811 1141 885 ἐς
1163 807 1201 873 τὸ
1223 810 1307 890 οἶκίνι

272 906 447 994 ἐπάγησαν,
482 904 587 988 ὥσπερ
606 901 780 974 Ἰουλιανοῦ
802 911 962 987 δείξαντος
984 908 1094 985 αὑτοῖς
1115 908 1155 972 οὑ
1184 907 1238 975 τὸν
1270 933 1307 975 νε

270 1031 364 1090 onos,
386 1009 454 1073 ἀλλ’
477 1008 627 1073 εἴδωλον.
670 1003 686 1071 ὑ
709 1009 744 1072 δὲ
764 1006 927 1092 βασιλεῦς,
949 1011 1021 1074 ε’πεί
1048 1005 1170 1093 ἡσυχία
1188 1029 1307 1095 μαστηρ

273 1103 419 1173 ἁπάντων
439 1109 558 1191 ἐγένετο
579 1110 818 1194 σταθερατίρα,
839 1100 938 1193 βαρὺ
952 1107 1169 1195 φθεγξάμενος
1189 1108 1235 1183 εἰς
1264 1113 1307 1190 μέ

194 1226 221 1282 p,
235 1210 418 1298 ,η,,τσὺτον”
438 1202 525 1272 εἶπεν
544 1204 586 1287 ,,ὑ
606 1207 667 1288 μὲν
682 1208 844 1293 ὑμέτερος,
866 1203 910 1283 ὥς
930 1206 1022 1290 ὑμεῖς
1041 1203 1293 1290 ὑπολαμβάνετε,

248 1314 367 1388 «λεμος
390 1299 578 1389 άπολάλεκε,
602 1304 685 1382 Θεὸς
704 1308 742 1372 δὲ
760 1305 838 1382 ἴσως
859 1305 916 1372 καί
932 1305 966 1371 τὸ
986 1307 1154 1388 Ῥωμαίων
1176 1309 1296 1372 σέσωκε

270 1401 469 1491 λάνθρωπον.
511 1408 571 1485 ἔξω
593 1408 629 1472 δὲ
651 1400 748 1472 αὑτὸν
769 1401 907 1493 ὅμηρον,
930 1400 968 1469 σά
990 1411 1068 1491 παρ’
1089 1402 1182 1487 ὑμῶν
1202 1409 1275 1471 καθ’
1298 1408 1307 1470 ι’

270 1507 402 1588 λογίαν,
423 1500 504 1571 ἄλλά
526 1504 618 1593 παρά
638 1509 698 1571 τοὺ
717 1510 857 1588 πολέμου
880 1504 989 1588 λαβών
1024 1508 1082 1571 καί
1099 1509 1144 1594 τῷ
1164 1514 1294 1591 κρατεῖν

268 1604 444 1686 καόμενος.
486 1604 543 1670 καί
570 1600 664 1682 οὑτος
683 1608 743 1688 μὲν
764 1605 895 1685 οὐδενός
926 1603 1096 1691 α’τοχησει·
1110 1608 1175 1671 τῶν
1196 1604 1307 1670 καλλίσ

269 1704 344 1787 ἐμοί
363 1702 482 1791 ξυνών·
523 1705 617 1788 ὑμεῖς
646 1707 682 1770 δὲ
712 1705 903 1794 πειρώμενοι
932 1708 1144 1792 παραβαίνειν
1171 1703 1231 1781 τάς
1250 1728 1307 1771 σοι

270 1828 329 1879 κας
350 1802 562 1884 άποτεὺξεσθε
582 1805 730 1872 πάντων.
772 1806 858 1893 φημί
884 1807 920 1872 δὲ
950 1805 1011 1888 οὑχ
1043 1800 1093 1869 ὅτι
1122 1799 1300 1884 κολάσομαι

270 1898 406 1990 ὅμηρον,
443 1900 480 1971 ὃν
507 1899 582 1969 οὔτε
613 1903 767 1991 ἐνίχορον
795 1909 872 1990 παρ’
898 1899 995 1986 ὑμῶν
1022 1899 1140 1990 εἴληφα
1159 1906 1218 1987 τῆς
1237 1899 1307 1989 είρη

269 2002 345 2067 dii-³·
361 1997 512 2090 ἇνδρείας
532 1998 694 2085 ἀπόδειξιν
713 2008 785 2070 καθ’
807 2003 900 2087 ὑμῶν
929 2001 1016 2086 ἔχω·
1058 2000 1075 2067 ὃ
1094 2004 1165 2066 καῖ’
1181 1993 1286 2077 ἄλλως
1305 2042 1307 2059 ‹

188 2187 193 2199 .
242 2115 330 2168 Βσον
349 2104 405 2167 καί
421 2107 593 2188 θεομισὲς,
613 2102 688 2182 τοὺς
709 2103 804 2171 οὑδὲν
825 2103 1017 2178 ἀδικοῦντας
1036 2101 1118 2187 ὑπὲρ
1140 2105 1203 2166 τῶν
1223 2101 1307 2165 cidem

266 2226 331 2268 ταν
352 2200 480 2270 δάκνειν
500 2206 558 2269 καί
576 2202 777 2292 σπαράττειν,
799 2199 906 2291 ὥσπερ
928 2202 968 2269 τά
990 2199 1091 2288 θηρία
1109 2198 1185 2276 τοὺς
1206 2194 1307 2265 άπαντ

265 2325 339 2383 τας,
363 2295 439 2370 ὅταν
460 2305 520 2390 ὑφ’
539 2301 657 2391 ἑτέρων
678 2300 830 2389 διώκηται
842 2296 866 2376 ,²⁸
894 2297 961 2368 ἀλλ’
984 2298 1032 2367 ὅτι
1052 2303 1176 2387 πρῶτον
1195 2303 1257 2382 μὲν
1278 2290 1307 2378 dp

204 2434 207 2442 ,
264 2423 300 2464 τε
317 2403 437 2487 χειρῶν
457 2401 589 2485 ἀδίκων,
624 2394 662 2468 οὑ
682 2405 801 2485 μείζων
823 2396 955 2489 ὄλεθρος
987 2398 1043 2466 οὑκ
1064 2399 1152 2465 ἔστιν
1171 2395 1307 2484 άνθράπ

335 2522 362 2573 6.
388 2518 534 2580 δείξαντος
561 2521 767 2586 commelinus,
795 2499 946 2584 πεῖξαντος
981 2518 1060 2581 cod,
1102 2520 1274 2588 πορίζοντος
1296 2536 1307 2571 r

338 2607 380 2642 ro.
399 2593 507 2643 σέσωκε
526 2593 563 2654 B,
589 2590 695 2644 δέδωκε
710 2593 780 2662 vulg.
856 2609 894 2661 ¹7·
913 2589 940 2665 d]
959 2586 994 2645 ἂν
1010 2589 1202 2645 Boissonadus.
1256 2605 1302 2643 ao.

335 2661 397 2722 ξετε
417 2660 619 2726 Boissonadus,
645 2662 746 2735 ἤρξατε
764 2663 846 2733 vulg,
865 2662 984 2734 ἄρξηται
1010 2657 1090 2714 codd.

268 2798 304 2850 ad
322 2816 363 2863 ea,
382 2816 453 2870 quae
472 2800 602 2872 deinceps
620 2801 726 2872 agenda
744 2808 830 2863 erant,
856 2798 983 2852 advertit.
1012 2793 1100 2871 ⁴Quae
1119 2805 1184 2850 sunt
1201 2812 1307 2850 consec

267 2869 312 2923 his
337 2880 522 2924 consentanea
549 2873 668 2925 fuerunt.
704 2873 767 2925 Non
794 2872 912 2940 protulit
941 2870 983 2921 sol
1006 2870 1079 2922 diem
1112 2868 1203 2939 qualis
1228 2869 1278 2920 iila
1300 2871 1307 2921 i

268 2957 351 3013 quesn
369 2950 436 2994 tunc
453 2943 546 3007 videre
564 2951 593 2995 et
610 2944 715 2996 intueri
735 2942 797 3005 bis,
822 2943 871 3013 qui
895 2940 1019 3004 aderant,
1037 2940 1125 2991 licuit
1161 2938 1278 2991 Barbari
1296 2955 1307 2991 e

267 3029 285 3064 a
302 3027 427 3064 moerore
452 3021 481 3064 et
504 3014 632 3065 lamentis
660 3021 771 3084 stupore
796 3019 824 3064 et
850 3011 1034 3063 admiratione
1067 3010 1187 3080 correpti
1210 3007 1307 3061 immol

268 3089 299 3134 ct
316 3083 363 3134 fiai
382 3084 688 3155 steterunt,'tanquem
708 3083 831 3135 lulianus
852 3082 909 3134 illis
934 3081 1106 3135 exhibuisset
1124 3096 1181 3134 non
1205 3080 1307 3133 adoles·

267 3159 340 3218 teni,
368 3150 417 3205 sed
442 3154 539 3205 salsam
567 3155 714 3222 imaginem
744 3152 936 3206 adolescentis.
971 3155 1008 3205 At
1031 3154 1192 3222 Imperator,
1213 3151 1264 3204 ubi
1280 3152 1307 3203 si,

264 3223 335 3275 tium
355 3222 455 3287 eitius,
475 3241 558 3295 quam
578 3224 608 3276 in
621 3224 758 3296 mysteriis
775 3223 896 3288 solitum,
915 3225 1105 3285 fretumora,
1127 3221 1245 3292 graviter
1263 3222 1295 3274 in

266 3289 314 3345 dio
337 3291 471 3364 loquens:
490 3295 590 3357 „Hunc
638 3294 749 3359 uidem,
773 3296 888 3364 inquit,
913 3301 946 3347 nt
964 3311 1012 3345 vos
1040 3293 1224 3356 existimatis,
1244 3300 1308 3346 vest

265 3361 372 3417 beilum
391 3361 564 3432 perdiderat:
588 3312 638 3417 sed
656 3364 722 3418 deus
747 3365 864 3417 fortasse
884 3374 912 3418 et
934 3364 1118 3416 Romanorum
1143 3363 1303 3432 benignitas

265 3434 364 3486 stituit
401 3434 517 3486 Habebo
549 3451 599 3504 ego
620 3437 712 3504 ipsum
733 3434 874 3496 obsidem,
899 3449 991 3506 neque
1011 3452 1074 3487 enm
1096 3452 1112 3485 a
1132 3434 1212 3486 robis
1238 3449 1274 3485 ex
1302 3452 1307 3481 ι

265 3506 414 3568 ventione,
433 3504 483 3556 sed
502 3522 518 3555 a
535 3505 610 3558 bello
634 3505 709 3576 ipso,
728 3512 874 3559 contentus
890 3506 1005 3570 vicisse,
1024 3508 1052 3557 et
1072 3505 1151 3557 illum
1174 3503 1289 3573 quidem

129 3604 133 3612 ·
173 3628 178 3636 ,
264 3574 389 3645 piissime
416 3590 544 3648 quaeque
571 3592 629 3630 non
655 3576 814 3637 deficient,¹
834 3576 899 3628 dum
923 3592 985 3628 mea
1019 3574 1220 3629 consuetudine
1250 3575 1307 3628 frus

265 3645 375 3729 Quodsi
397 3647 568 3699 conabimini
593 3666 609 3699 a
630 3646 743 3700 foedere
771 3645 928 3711 discedere,
965 3648 1089 3698 omnium
1119 3645 1252 3697 iacturam
1281 3645 1307 3696 sa

265 3723 309 3768 trs.
346 3717 406 3768 Hoc
424 3716 507 3781 dieo,
525 3733 582 3769 non
600 3717 676 3789 quod
699 3717 817 3770 saeviam
838 3719 868 3769 in
888 3716 1030 3781 obsidem,
1049 3732 1132 3787 quem
1149 3715 1228 3783 apud
1249 3733 1295 3768 me

265 3785 337 3850 beo,
361 3803 418 3840 non
440 3795 572 3860 tanquam
594 3790 693 3858 pignus
710 3789 802 3859 pacis,
827 3789 876 3841 sed
896 3804 974 3840 mese
993 3805 1056 3858 erga
1074 3805 1121 3840 vos
1144 3786 1254 3858 virtntis
1278 3786 1307 3837 de

265 3865 398 3909 mentum.
433 3859 481 3910 Est
506 3859 579 3911 enim
598 3859 714 3928 impium
733 3867 762 3912 et
783 3859 897 3912 minime
921 3860 974 3912 deo
995 3868 1115 3926 gratnm,
1135 3874 1199 3920 cos,
1217 3856 1267 3927 qui
1292 3873 1307 3907 n

266 3938 505 3991 commeruerunt,
523 3947 574 3998 pro
592 3929 646 3996 his,
672 3928 720 4050 (ηαί
735 3929 923 4000 deliquerunt,
945 3943 1036 3981 morsu
1053 3935 1185 3998 sppetere
1203 3936 1231 3981 et
1248 3927 1308 3980 lani

268 4005 300 4049 ut
321 3998 396 4051 serae
416 4000 675 4070 bestiae,1quicqui
719 4003 838 4052 occurrit
853 4010 882 4052 et
900 3999 1013 4052 obvium
1034 4008 1088 4061 est,
1107 3999 1128 4050 si
1152 3997 1216 4068 quis
1239 4014 1307 4066 eos]

267 4068 402 4136 seqnitur.
439 4070 493 4122 Sed
515 4072 634 4138 primum
652 4071 717 4142 quia
737 4088 753 4122 a
774 4070 851 4122 vobis
872 4073 985 4124 initium
1001 4069 1120 4123 iniuriae
1134 4067 1307 4121 facienduea

268 4145 330 4202 tur,
349 4155 405 4209 qua
423 4154 452 4192 re
467 4142 542 4194 nulia
560 4149 603 4195 est
624 4142 768 4212 capitalior
780 4143 866 4211 pestis
881 4142 1073 4214 perniciesque
1091 4138 1264 4204 horninibus,
1284 4147 1307 4193 et
