2774 5122
549 326 558 358 ⁸
628 333 632 341 ,
667 255 890 326 ΥΕλ(11ἰ1λλ)’ῐλ

100 424 297 506 ,Δμῦσοατῆς
306 421 420 505 χρείας
438 418 493 503 τῆς
513 412 639 503 είρήνης
658 418 717 501 τῆς
736 411 856 497 μεταξδ
882 409 1005 478 τοδτων
1027 410 1169 479 ests-tio
1188 415 1326 475 netues-

94 501 301 627 Imlfflgsiv.
342 519 433 605 ήμεῖς
452 521 511 600 μὲν
525 513 790 599 Ἰεσδεγοοσνάφ,
811 515 888 602 θείιρ
909 514 1179 599 κοοβικοολαρίηι,
1201 511 1326 574 ἐκελεύ-

184 609 190 622 ’
219 641 341 702 οσαμεν
362 619 419 682 καί
436 618 582 694 ἐξουσίαν
603 613 803 696 δεδώκαμεν·
829 613 850 698 ή
872 608 1051 697 ἀδελφότης
1076 611 1135 676 τοῦ
1158 611 1326 693 Καίσαρος

238 721 353 806 Πέτρην
380 719 542 803 μαγίοτριρ
571 716 635 779 τῶν
651 711 818 793 Ῥωμαίων
849 708 904 776 καί
933 708 1077 798 Εὐσεβίιρ
1105 707 1250 773 έκέλεοσε
1273 706 1327 770 κατ’

237 821 391 903 ἐπέτρεψε
419 818 476 880 καί
500 812 646 894 έξονσίαν
674 814 792 877 δέδωκε
813 815 949 896 λαλῆσαι
977 812 1032 882 καιῖ
1049 810 1248 894 τρακταΐσαι.
1271 803 1345 893 καὶὸ

239 915 258 983 δ
279 916 343 1000 Ζδχ
365 918 420 981 καί
451 912 467 979 ὃ
489 910 654 995 λεγόμενος
675 911 762 998 παρὰ
782 907 959 991 Ῥωμαίοις
989 905 1160 992 μάγιστρος
1181 906 1242 971 καί
1261 907 1328 972 Ev’·

238 1003 345 1098 σέβιος
364 1010 403 1078 τδ
424 1016 500 1099 περί
517 1014 573 1095 τῆς
586 1009 709 1097 εἰρήνης
732 1013 843 1086 κοινοῖς
863 1005 1019 1094 ἐλάλησαν
1039 1010 1095 1072 καί
1106 1004 1326 1092 έτρακτάῖσαν,

240 1117 296 1179 καί
314 1109 477 1178 &risurus
495 1109 554 1196 τήν
573 1107 698 1196 είρήνην
718 1106 908 1195 πεντήκοντα
929 1110 1091 1189 ἐνιαυτῶν,
1106 1109 1162 1171 καί
1180 1104 1327 1190 ἔγγραφοι

240 1214 353 1290 πάντες
382 1208 592 1297 έσῳροίγισαν.
631 1211 722 1295 ἡμεῖς
751 1200 808 1273 οὖν
840 1212 911 1272 καθ’
933 1205 955 1271 ἃ
976 1203 993 1270 ὅ
1014 1207 1078 1290 Ζίχ
1110 1205 1200 1271 καέδ
1229 1201 1335 1287 μα’γιη

243 1335 337 1394 στρος
357 1313 421 1374 τῶν
438 1309 603 1389 Ῥωμαίων
623 1306 679 1373 καί
696 1309 852 1389 Εδσέβιος
872 1309 1031 1392 ἐποίησαν,
1053 1307 1189 1390 βεβαίως
1209 1302 1366 1387 ἕχομενῐο

243 1409 301 1495 τήν
323 1405 465 1494 εἰρήνην,
488 1407 542 1472 καί
569 1409 742 1490 ἐμμένομεν
763 1406 902 1482 adroic?
943 1403 1027 1470 οὕτω
1053 1408 1113 1488 μὲν
1144 1406 1199 1469 έπί
1215 1407 1327 1483 λέξειας

243 1504 338 1592 εἶχεν.
381 1502 590 1593 ὁμοιοτρόπως
619 1509 654 1571 δὲ
684 1504 740 1570 καί
759 1504 850 1590 ήτοῦ
866 1505 1032 1586 Ῥωμαίων
1060 1506 1216 1586 βασιλέως
1236 1498 1330 1584 &tuy-

244 1631 340 1691 χανεν
360 1599 440 1671 οέσα
461 1603 620 1688 ὁμολογία,
642 1598 718 1669 ἄνευ
746 1606 803 1688 τῆς
823 1606 1011 1690 προγραφῆς
1032 1595 1071 1690 ἧς
1092 1596 1157 1684 εἶχε
1177 1600 1213 1666 τὸ
1235 1601 1330 1683 βασί-

213 1713 329 1777 Ινλειον
348 1703 479 1790 γροὶμμα
500 1701 535 1769 τδ
559 1702 730 1789 Περσικόν.
772 1701 827 1767 καί
847 1705 880 1768 έν
899 1700 1072 1768 τοιοῖσδεδ
1097 1699 1244 1783 ξύλλογος
1264 1702 1331 1764 διε-

247 1804 403 1890 λύθησαν.
443 1805 479 1869 έν
493 1804 528 1868 δὲ
550 1801 588 1887 δή
603 1797 694 1892 ἑτέρη
712 1802 887 1881 ξονελεέσει
906 1805 1181 1886 μεγαλανχοῦντος
1200 1801 1257 1865 τοῦ
1265 1792 1369 1880 Ζδχ15

246 1906 303 1968 καί
321 1901 375 1967 ε’πί
387 1902 518 1990 Χοσρόη
539 1907 669 1984 βασιλεῖ
687 1904 877 1989 κομπολογίρι
897 1901 1075 1986 χρωμένου,
1092 1896 1267 1987 φάσκοντός
1284 1918 1331 1977 τε,

246 2001 291 2081 ὥς
319 1998 527 2092 ἅμαχοέτατός
555 2005 589 2066 τέ
616 2003 684 2066 ε’στι
707 2004 764 2067 καί
783 2005 871 2076 νίκας
890 1999 1093 2086 περιεβάλετο
1117 1995 1255 2079 πολλαὶς,
1275 1996 1334 2060 καί

248 2103 292 2178 ὥς
313 2093 399 2181 έξοῦ
422 2100 538 2186 χρόνον
556 2097 613 2185 τήν
635 2101 761 2185 κίδαριν
781 2095 974 2186 ἀνεδήσατο,
997 2102 1084 2186 α’μφί
1102 2100 1141 2164 τὰ
1163 2097 1240 2163 δέκα
1250 2092 1331 2179 ἔθνη

247 2202 539 2285 καταγωνισάμενος
567 2200 757 2284 κατέστησεν
783 2201 817 2274 ἐς
847 2195 949 2286 φόρον
978 2191 1164 2283 ἀπαγωγήν,
1198 2194 1255 2262 καί
1281 2191 1331 2260 δτι

248 2297 305 2385 τήν
322 2303 385 2364 ταῖν
403 2300 597 2385 Ἐφδαλιτοῖν
617 2299 850 2383 κατεστρέψατο
872 2294 1093 2379 δύναμιν,,και“
1114 2297 1174 2377 μὲν
1193 2289 1252 2360 οέν
1270 2299 1368 2379 {iu-²⁰

250 2404 348 2474 σιλεῖς
375 2396 566 2484 ἐχειρώσατο
597 2400 781 2481 πλείστους,
817 2400 873 2463 καί
891 2396 935 2474 ὥς
955 2392 1090 2481 ἄγανταί
1106 2421 1139 2461 τε
1160 2393 1258 2460 αδτδν
1279 2398 1336 2459 καί

250 2491 425 2583 τεθήπασιν
445 2494 475 2561 οἱ
497 2499 598 2585 ἐκείνη
619 2495 788 2582 βάρβαροι,
803 2496 859 2562 καί
878 2495 921 2572 οδς
941 2495 1022 2572 κατὰ
1046 2494 1081 2561 τδ
1104 2496 1260 2582 προσῆκον
1281 2489 1335 2559 ’καί

322 2664 349 2719 9„
366 2649 432 2700 καθ’
450 2646 517 2701 add:
532 2645 564 2701 N.
635 2666 676 2704 us.
695 2647 786 2722 ἐκείνη
810 2648 889 2712 vat,
918 2646 1024 2703 ἐκεῖνον
1050 2649 1121 2719 vulg.

251 2801 289 2842 uo
307 2787 476 2841 cubiculario
494 2797 603 2854 nostro,
627 2789 754 2842 iussimus
771 2797 800 2841 et
817 2794 981 2858 potestatem
1008 2787 1150 2850 dedimus,
1174 2783 1205 2836 id
1229 2782 1335 2853 negotii

252 2862 393 2912 conticere.
429 2860 594 2913 Fraternitus
613 2871 704 2913 autem
724 2862 844 2914 Caesaris
863 2863 921 2912 eius
937 2861 1155 2930 procurationem
1172 2856 1262 2917 Petro,
1282 2856 1334 2906 uo:

253 2946 397 2982 manorum
414 2933 552 2999 magistro,
570 2940 599 2983 et
615 2930 734 2983 Eusebio
753 2931 897 2995 commisit,
917 2938 949 2981 ut
966 2933 1000 2983 de
1019 2946 1085 3001 pace
1103 2927 1275 2996 colloquium
1286 2924 1335 2974 ha·

253 2998 353 3052 herent
370 3008 399 3052 et
415 3009 570 3055 tractarent
608 3002 642 3052 Et
658 3002 770 3071 quidem
789 3001 899 3064 Zichus,
916 3010 945 3053 et
962 3002 1010 3071 qui
1029 3018 1044 3052 α
1063 3000 1189 3050 Romanis
1208 2999 1334 3064 magister

254 3069 371 3132 dieitur,
396 3078 424 3122 et
441 3071 590 3134 Eusebius,
616 3086 645 3123 re
662 3076 735 3124 inter
752 3087 781 3122 se
799 3071 948 3124 detibersta
976 3080 1004 3123 et
1025 3086 1175 3140 perpensa,
1203 3075 1334 3119 tractave-

256 3147 364 3192 suntet
381 3139 410 3190 iu
426 3143 533 3211 scriptis
553 3140 717 3211 redegerunt
733 3159 825 3212 pacem
853 3145 883 3194 in
909 3142 1107 3213 quinquaginta
1132 3156 1221 3191 annos
1248 3134 1333 3188 Persis

256 3217 286 3261 et
303 3211 429 3263 Romanis
447 3226 519 3273 esse,
539 3219 567 3262 et
586 3229 658 3282 quae
676 3213 776 3283 scripta
794 3221 873 3274 sunt,
892 3215 947 3264 suis
967 3214 1064 3282 sigiliis
1086 3212 1224 3279 impressis
1237 3221 1334 3278 appro-

255 3277 399 3331 baverunt.
435 3282 530 3353 Itaque
549 3297 598 3334 nos
617 3285 725 3346 omnia,
753 3299 824 3353 quae
843 3282 938 3334 Zicbus
962 3291 990 3333 et
1008 3300 1048 3334 aua
1069 3281 1134 3331 ister
1153 3282 1334 3332 Romanorum

257 3357 287 3402 et
308 3351 440 3402 Eusebius
458 3351 493 3404 de
509 3367 577 3420 pace
600 3363 803 3417 convenerunt,
830 3362 889 3405 sata
915 3354 990 3404 firma
1019 3300 1110 3402 vaicra
1132 3351 1280 3411 volumus,
1309 3352 1335 3399 et

257 3419 463 3473 conditionibus
484 3421 563 3474 dictis
582 3426 708 3474 stamus.”
743 3425 777 3476 Et
801 3424 853 3476 ista
878 3422 990 3492 quidem
1007 3421 1042 3473 sd
1066 3419 1180 3472 verbum
1203 3422 1243 3473 ita
1272 3418 1335 3470 seri·

256 3499 304 3562 pta
321 3505 350 3540 se
367 3489 514 3544 habebant.
557 3493 659 3545 Eodem
681 3510 761 3545 sensu
783 3495 962 3547 Romanorum
980 3491 1154 3560 imperaturis
1173 3489 1334 3542 ratihabitio

257 3562 358 3631 scripta
377 3561 445 3624 suit,
469 3562 517 3615 sed
535 3563 594 3615 sine
612 3564 792 3633 inscriptione
814 3565 880 3628 itta,
905 3579 986 3633 quam
1014 3564 1123 3616 litterae
1149 3561 1221 3629 segis
1243 3560 1334 3611 Pem-

255 3646 317 3683 rum
341 3630 488 3684 habebant.
533 3632 620 3703 Super
647 3631 690 3684 his
716 3636 837 3686 solutum
863 3642 905 3686 est
930 3634 1003 3685 iuter
1028 3632 1132 3700 legatos
1158 3631 1335 3699 conoquium.

256 3700 324 3753 Cum
343 3702 433 3755 denuo
452 3702 486 3755 ad
504 3703 574 3754 coilo
598 3703 672 3754 uium
693 3706 831 3757 venissent
850 3714 878 3756 et
896 3703 991 3755 Zichus
1009 3702 1158 3772 magnificis
1177 3699 1269 3752 verbis
1295 3702 1335 3751 is-

256 3779 358 3835 etaret,
378 3781 406 3824 et
423 3772 563 3826 attolleret
577 3721 738 3838 δλοιτοὲο,
769 3784 798 3827 et
822 3773 943 3837 diceret,
970 3773 1049 3824 iitum
1068 3773 1200 3824 invictum
1223 3785 1284 3823 esse
1309 3775 1335 3822 et

257 3843 357 3893 multas
373 3844 500 3895 victorias
520 3844 661 3907 retulisse,
686 3853 716 3896 et
731 3845 765 3897 ab
786 3861 818 3897 eo
837 3853 974 3914 tempore,
1000 3861 1054 3913 quo
1080 3841 1164 3893 cidari
1192 3840 1333 3893 redimitus

257 3909 371 3975 fuisset,
397 3911 490 3966 decem
515 3923 626 3983 gentes,
651 3929 711 3965 cum
733 3913 834 3984 quibus
859 3913 1030 3976 dimicasset,
1055 3911 1192 3965 tributum
1214 3911 1334 3981 peustese

258 3984 388 4051 coegisse,
406 3990 435 4035 et
453 3983 668 4054 Ephthalitasum
686 3987 838 4053 potentiam
857 3988 995 4046 evertisse,
1014 3991 1043 4037 et
1058 3982 1159 4035 multos
1177 3997 1254 4054 reges
1272 3980 1336 4031 sub-

260 4054 363 4119 egisse,
391 4061 419 4105 et
443 4069 537 4107 omues
560 4054 669 4104 itisruua
691 4062 823 4107 terrarum
844 4056 971 4108 barbaros
990 4056 1078 4122 ipsum
1097 4053 1186 4106 coles-e
1205 4061 1234 4105 et
1256 4067 1336 4102 sene·

259 4122 331 4186 rari,
352 4121 426 4179 uude
453 4126 512 4180 turs
535 4133 564 4180 et
581 4124 679 4180 merito
705 4126 774 4196 regis
793 4142 886 4196 regum
904 4125 1116 4199 appellationem
1136 4121 1192 4178 sibi
1205 4126 1336 4176 sumeret:
