2774 5106
237 262 323 347 290
683 251 893 319 areanum

102 414 293 483 naamani
311 418 433 486 τούτοις
454 407 620 485 ἑνωθέντες
644 410 676 483 ἐς
695 409 753 493 την
773 412 836 474 τῶν
858 404 1013 492 Φράγγων
1031 404 1141 489 χάραν
1161 396 1325 491 άφδιοντσ,

126 493 298 581 lud-{4105
317 515 472 596 βασιλέως
492 508 549 595 τὴν
568 501 737 591 άπολογίαν
756 509 990 589 θαυμάσαντες.
1139 497 1148 521 ‘

110 567 231 619 Imm
320 608 356 687 ς’.
368 606 440 676 Ὅτι
463 611 600 694 ἠγγέλθη
619 600 787 693 Ἰουστίνῳ,
799 605 843 681 ιδς
851 608 885 670 ἐκ
905 609 961 690 τῆς
974 606 1113 691 Περσῶν
1126 604 1324 688 ἐπικρατείας

158 712 416 799 θγοέξάρμησεν
453 709 471 772 δ
499 710 563 790 Ζίχ
592 702 862 791 πρεσβευσάμενός
888 729 922 769 τε
950 704 1006 769 καί
1038 696 1325 785 διαλεχθησόμενος

245 810 320 896 περὶ
339 807 488 875 Σουάνοιν
507 810 543 872 ἐν
562 806 668 894 ταύτῷ
686 807 742 869 καί
761 804 995 892 φιλοφροσύνης
1015 799 1141 889 ῥήματα
1170 798 1347 880 dacomarii

236 936 303 977 σοιν
323 913 453 991 βασιλεῖ
458 956 468 988 ,
489 903 539 972 ἔτι
556 930 590 969 τε
611 903 666 968 καί
684 902 723 968 τά
744 907 797 991 ἐφ’
817 897 863 978 οἷς
882 903 1039 986 Ῥωμαῖοι
1059 902 1324 987 προσεγκαλοῦσαν

237 1003 278 1074 εδ
306 1004 547 1092 διαθησόμενος.
588 1002 605 1070 δ
635 1007 670 1069 δὲ
695 999 859 1078 Ἰουοτῖνος
888 1006 923 1068 ἐν
951 1005 1050 1089 βουλῇ
1078 1003 1213 1066 ἐποιεῖτο
1233 992 1255 1083 ἢ
1276 997 1322 1081 μὴ

237 1109 474 1192 προσδέξασθαι
502 1102 559 1189 τὴν
586 1102 771 1190 πρεσβείαν,
800 1098 824 1187 ἢ
848 1097 1099 1187 προσδεχόμενον
1126 1100 1247 1163 εἰδέναι
1267 1094 1322 1160 ada

238 1210 313 1288 Ζίχ,
342 1205 385 1280 ὡς
404 1202 444 1269 τοὶ
466 1202 546 1268 κατά
568 1206 642 1269 νοῦν
664 1199 750 1291 adripi
771 1197 985 1286 ἀνυσθήσεται
1006 1199 1164 1281 οὐδαμῶς.
1205 1194 1263 1261 καί
1283 1196 1321 1280 δη

238 1307 499 1388 ξυγκροτηθείσης
528 1303 612 1389 αὐτῷ
639 1303 825 1386 ἐκκλησίας,
860 1304 950 1364 δοκεῖ
974 1298 1147 1382 κατάδηλον
1172 1299 1321 1380 γενέσθαι

235 1401 284 1469 ἔτι
314 1396 529 1485 ὁδοιποροῦντι
553 1404 597 1487 τῷ
618 1400 681 1483 Ζίχ
703 1398 756 1464 διά
776 1404 942 1484 συλλαβῶν
959 1398 1115 1479 Ἰωάννου,
1137 1395 1180 1470 ὥς
1201 1393 1237 1460 rei
1260 1421 1359 1458 ns·—

239 1499 345 1589 ράπαν
370 1502 462 1566 οὐδὲν
482 1503 545 1567 τάν
566 1503 761 1584 δοκηθέντων
781 1502 990 1586 προσεδίξατο
1019 1491 1036 1561 δ
1057 1490 1218 1580 βασιλεύς.
1249 1492 1305 1559 το’

238 1624 295 1666 του
326 1603 509 1684 γενομένου,
529 1597 563 1665 τδ
596 1600 730 1685 γράμμα
759 1598 959 1685 ἐνεχειρίσθη
993 1598 1137 1684 Τιμοθέῳ
1168 1589 1312 1675 raiatia

229 1697 361 1786 Ἰωάννῃ
385 1702 557 1781 γενομένων
586 1694 635 1763 ἐνί
660 1698 739 1763 κατά
771 1697 808 1784 δὴ
839 1697 896 1782 την
915 1701 1054 1782 Περσῶν
1074 1694 1134 1779 πρὸ
1155 1696 1225 1758 τοῦ.
1268 1719 1308 1756 κα

238 1791 297 1862 ode
325 1797 478 1887 Τιμοθέιγ
496 1797 713 1862 ἑνεκελεάσατο
734 1795 885 1879 βασιλεύς
905 1796 1033 1882 ῥήματα
1059 1797 1118 1874 μὲν
1147 1795 1245 1877 δῆθεν
1269 1794 1350 1874 ris
1385 1839 1387 1854 ,

107 1942 110 1949 -
146 1902 174 1958 P·
186 1899 272 1973 Ιῡάές
288 1897 472 1978 Ῥωμαίους
493 1894 602 1983 φιλίοις
625 1897 818 1979 ἀποκομίσαι
838 1902 966 1979 βασιλεῖ
980 1896 1201 1977 τῶνῌερσῶν,
1220 1891 1288 1954 rina

236 1993 375 2073 τιάζοντι
396 1998 447 2077 δὲ,
475 1992 579 2082 ὥσπερ
602 1995 704 2078 οἶκός,
738 1999 782 2083 τῷ
801 1999 979 2082 πρεσβευτῇ
1000 1995 1154 2069 ἐπιδεῖξαι
1177 1989 1238 2078 την
1255 1984 1375 2064 ’IQ

176 2164 177 2168 ,
237 2093 334 2161 άννου
355 2092 539 2179 ἐπιστολὴν,
561 2094 603 2171 ὦς
622 2090 662 2161 dv
683 2092 782 2160 ἔσοιτο
801 2093 1036 2175 ἐξεπιστάμενος
1057 2091 1158 2173 δΖίχ
1188 2093 1245 2155 καί
1264 2113 1384 2163 σω.

239 2195 378 2279 φέστατα
404 2192 624 2279 προγινώσκων
651 2191 707 2278 την
727 2197 882 2278 βασιλέως
899 2192 1026 2277 βουλήν.
1072 2186 1229 2271 Τιμόθεος
1249 2181 1296 2251 οδ
1322 2222 1374 2278 7,

238 2294 327 2356 τοῦτο
347 2294 609 2377 ἐπιτετραμμένον
621 2295 715 2381 αὐτῷ,
737 2295 921 2378 παρεγένετο
938 2294 972 2356 ἐν
991 2300 1057 2366 τοῖς
1077 2289 1187 2374 ὁρίοις.
1228 2292 1382 2372 yvo-⁸592

239 2389 299 2470 ni,
319 2385 362 2465 ὥς
389 2382 477 2453 οὔπω
497 2387 647 2475 πάρεστιν
668 2390 685 2455 δ
708 2394 846 2478 Περσῶν
865 2387 1076 2477 πρεσβευτὴς,
1100 2386 1269 2472 ἐπορεύετο
1344 2393 1364 2457 ὅ

237 2507 274 2567 γι
295 2485 407 2550 αὐτίκα
428 2484 508 2573 πρδς
530 2483 687 2575 Χοσράην.
728 2489 852 2573 ξυμβάν
874 2492 909 2555 δὲ
930 2485 1034 2572 οὕτω,
1063 2490 1122 2553 τοῦ
1143 2490 1207 2569 Ζίχ
1230 2487 1269 2549 δι’
1314 2485 1350 2552 δ·

307 2609 334 2665 5.
352 2608 472 2664 §aaran
487 2612 558 2682 vulg.
588 2618 590 2631 '
616 2616 654 2669 ιδ.
675 2615 953 2685 τοῖν-γενομένων
977 2614 1021 2668 dri
1039 2610 1110 2666 κατὰ
1130 2612 1164 2678 δὴ
1183 2602 1335 2678 eirvei,

310 2682 349 2748 τῷ
374 2709 409 2720 -
429 2686 573 2754 γενομένῳ
599 2683 679 2739 ἐνίκα
701 2683 768 2754 τάδε
794 2681 846 2749 την
871 2684 960 2754 vulg,
993 2683 1037 2740 tat
1061 2683 1132 2737 κατά
1160 2698 1193 2754 γε
1217 2672 1268 2748 τὴν
1295 2683 1327 2737 li

305 2767 348 2805 aa.
367 2749 441 2803 odra
460 2753 488 2804 B.
495 2791 504 2818 ,
524 2755 601 2825 αυτῷ
621 2756 691 2824 vulg.
744 2759 782 2825 api
800 2757 830 2807 Ζ.
852 2757 923 2823 vulg.
1136 2766 1142 2784 ¹

234 2867 338 2923 iebant.
380 2870 479 2923 Tutius
505 2875 598 2923 tamen
625 2873 712 2923 visum
738 2873 796 2925 iliis
823 2882 864 2928 est
889 2874 1048 2926 aRomanis
1075 2870 1216 2923 discedere
1241 2865 1314 2920 erat

235 2958 299 2992 suos
317 2958 346 2992 se
365 2944 494 3011 recipere.
530 2942 576 2994 Sic
593 2942 637 2994 illi
659 2944 832 3013 Imperatoris
859 2961 1017 3014 responsum
1036 2942 1166 2995 admirati
1183 2939 1308 2994 coniuncti

235 3025 297 3062 cnm
315 3011 371 3062 suis
388 3013 416 3064 in
434 3013 598 3062 Francorum
617 3014 754 3083 regionem
773 3014 908 3067 abierunt.

304 3083 328 3133 6-
348 3082 452 3133 Iustino
462 3084 620 3134 nuntiatum
630 3093 671 3135 est
684 3101 698 3134 a
709 3087 847 3137 Persarum
859 3087 983 3155 imperio,
999 3083 1108 3135 Ziehum
1119 3085 1236 3151 legatum
1246 3081 1276 3130 ad
1284 3094 1305 3130 se

234 3150 347 3200 missum
357 3168 427 3213 esse,
446 3153 495 3221 qui
509 3149 543 3201 dc
554 3153 652 3204 Suanis
664 3163 764 3221 ageret,
782 3156 977 3225 Persarumque
996 3173 1056 3225 erga
1067 3154 1259 3224 Imperatorem
1268 3152 1307 3202 bc·

234 3221 419 3272 nevolentiam
434 3221 636 3285 testificaretur,
650 3233 678 3276 et
689 3242 728 3289 ea,
740 3225 775 3278 de
789 3227 891 3295 quibus
901 3227 1013 3278 Romani
1025 3233 1216 3296 quererentur,
1234 3222 1307 3273 amice

235 3299 419 3358 componeret.
462 3291 581 3344 Iustinus
610 3309 692 3356 veru,
712 3304 758 3347 ant
777 3297 890 3347 minime
909 3298 1073 3365 legationem
1090 3296 1245 3355 admittere,
1263 3300 1309 3353 aut,

234 3362 258 3412 si
278 3359 450 3423 admitteret,
474 3360 555 3416 Zicho
582 3363 733 3431 siguificare
752 3369 908 3429 constituit,
927 3382 1100 3436 nequaquam
1120 3381 1178 3415 rem
1197 3370 1311 3433 optatum

234 3431 340 3482 exitum
358 3430 519 3483 habituram.
556 3433 590 3485 Et
608 3435 753 3487 accedente
771 3445 878 3488 senatus
898 3439 1060 3489 anctoritate
1080 3436 1188 3488 censuit
1197 3472 1207 3497 ,
1226 3443 1257 3486 ut
1273 3435 1312 3484 lo·

235 3515 320 3552 annes
339 3516 387 3568 per
406 3501 511 3553 litteras
539 3503 619 3556 Zicho
650 3505 739 3558 adhuc
757 3508 810 3559 iter
826 3509 967 3576 peragenti
987 3510 1078 3575 palam
1096 3507 1213 3567 faceret,
1232 3506 1314 3571 Impe-
1378 3502 1379 3505 ’

234 3580 352 3624 ratorem
378 3571 408 3623 in
426 3572 502 3622 nullo
521 3588 625 3638 eorum,
644 3592 714 3645 quae
732 3586 861 3646 speraret,
880 3593 1060 3630 assensurum.
1098 3576 1161 3645 Quo
1181 3577 1253 3626 facto
1270 3574 1315 3625 Ti·
1370 3625 1371 3628 ,

234 3640 362 3704 matheo,
388 3658 421 3693 cx
439 3658 552 3694 numero
579 3662 688 3709 eorum,
715 3649 763 3718 qui
784 3651 837 3699 iam
862 3656 941 3700 antea
960 3663 1020 3699 cnm
1039 3649 1142 3699 Ioanne
1159 3645 1192 3696 in
1211 3643 1316 3698 Perside
1367 3660 1368 3663 ’

234 3709 354 3774 fuerant,
375 3712 483 3764 litterae
493 3713 609 3767 traditae
626 3726 697 3769 sunt.
733 3719 850 3772 iusserat
872 3712 1022 3788 imperator
1040 3716 1198 3779 Timotheo,
1217 3723 1248 3766 ut
1264 3716 1317 3784 regi
1374 3727 1375 3730 ’

234 3779 373 3833 Persarum
392 3782 428 3834 ob
446 3782 672 3852 significationem
690 3789 720 3840 in
737 3806 767 3840 se
784 3789 990 3841 benevolentiae
1008 3790 1106 3856 gratias
1124 3794 1227 3856 ageret,
1244 3785 1319 3837 litte·
1378 3804 1384 3807 ’

155 3852 159 3860 “
235 3867 278 3905 ras
295 3866 359 3901 vero
379 3853 488 3904 Ioannis
508 3853 608 3923 iegato,
627 3873 706 3927 quem
726 3858 836 3911 obvium
859 3861 888 3912 in
907 3862 1016 3920 itinere,
1035 3860 1105 3909 sient
1123 3859 1232 3909 itineris
1251 3857 1320 3908 ratio

236 3921 362 3985 serebat,
379 3921 523 3975 habiturus
543 3935 628 3987 esset,
646 3928 775 3990 traderet,
793 3938 825 3981 ut
841 3929 937 3981 Zichus
955 3929 1121 3997 exploratam
1138 3932 1323 3999 perspectam-

237 4005 292 4058 que
312 3993 485 4063 Imperatoris
503 3995 671 4048 voluntatem
697 3996 819 4051 haberet.
860 3999 934 4051 Haec
951 3999 1000 4051 ubi
1018 3995 1164 4050 Timotheo
1188 4004 1255 4066 suqt
1271 3997 1323 4048 im·

236 4068 347 4140 perata,
365 4063 399 4114 ad
418 4063 520 4115 limites
544 4067 692 4118 contendit.
729 4069 790 4119 illie
815 4085 875 4121 cnm
895 4072 1081 4139 cognovisset,
1098 4065 1224 4120 nondum
1241 4063 1324 4120 adre-

237 4141 310 4182 msse
328 4131 465 4186 Persarum
483 4133 622 4203 legatum,
636 4138 779 4192 confertim
797 4140 832 4192 ad
847 4138 996 4193 Chosroim
1014 4149 1056 4193 est
1071 4139 1220 4211 proiectae
1239 4137 1324 4192 Forte
