2716 5078
119 248 147 312 x
259 221 289 303 ,“
540 234 781 304 amariam.

121 407 236 478 prqpter
251 399 397 456 amicitim
424 413 479 472 qur
504 402 644 464 tenemur,
674 411 759 472 quam
785 403 898 470 propter
920 399 1102 457 uuicam‘sim
1119 408 1205 474 atque

119 509 305 571 celeritatem,
324 520 407 576 qoam
430 504 463 557 in
487 499 660 576 recensendis
679 500 844 554 Graecorum
862 495 941 556 tibris
959 519 1021 557 cum
1038 504 1203 559 eruditionis

119 613 282 685 ingeniique
293 609 397 664 lumine
409 605 583 667 coniunctam
591 603 710 660 exhibet.
731 604 848 661 decerta
858 608 885 661 ei
900 606 977 661 laudi
992 607 1204 680 quaPolitiauus

121 718 228 771 loctum
249 715 384 786 pictorem
404 720 501 768 ornat:
517 710 599 782 „plus
614 708 750 765 neminem
761 710 884 782 potuisse
892 713 1017 784 pingere,
1026 729 1079 767 neo
1090 713 1207 767 melius''

94 841 97 849 ·
121 806 216 893 parem
232 819 345 873 omuino
362 817 393 872 in
411 824 506 873 nostro
523 817 677 870 litterarum
693 831 790 887 genere
802 814 926 872 notkero
943 815 1119 873 tribuendam
1136 832 1205 882 esre,

120 939 220 987 nemo,
236 921 318 977 trado
326 959 336 988 ,
353 921 484 994 ambiget
519 922 619 991 Rogavi
636 937 698 976 eum
713 921 813 990 igitur,
828 918 878 974 sed
894 919 1008 993 timide;
1028 922 1131 992 quippe
1149 937 1208 975 nou

122 1029 233 1082 nescius
251 1041 314 1079 cum
330 1026 464 1082 haetenus
480 1025 594 1080 nonnisi
610 1026 717 1081 collatis
736 1024 876 1080 codicibus
900 1026 1026 1080 innixum
1051 1024 1139 1078 libros
1161 1041 1208 1079 re·

123 1129 274 1184 censendos
295 1128 463 1200 suscepisse3
487 1138 517 1183 at
532 1130 563 1183 iu
577 1128 622 1182 bie
638 1129 806 1199 legationum
823 1129 957 1200 excerptis
974 1126 1100 1183 codicum
1118 1100 1209 1182 subsi-

125 1233 204 1287 dium
221 1233 316 1287 aderat
333 1233 458 1287 nullum:
477 1250 542 1287 nam
559 1233 751 1289 Monacensem
769 1233 804 1287 ab
820 1233 984 1288 Hoescbelio
1001 1231 1205 1287 accuratissime

125 1339 291 1408 exscriptum
310 1353 370 1392 esse
387 1345 509 1403 coortat,
527 1337 652 1392 Vaticani
662 1343 754 1391 autem
763 1338 855 1392 variae
871 1338 1006 1392 lectioms
1025 1336 1061 1390 ab
1080 1336 1122 1396 ill.
1134 1335 1209 1390 Maio

111 1422 249 1514 ,prolatae
267 1456 356 1510 paene
375 1439 532 1496 absolutum
549 1458 610 1494 cum
629 1442 680 1494 ilio
698 1457 857 1495 consensum
875 1440 1009 1513 probant:
1022 1457 1114 1513 neque
1135 1439 1209 1494 ullus

122 1552 233 1617 praeter
246 1542 307 1608 hos,
324 1543 434 1598 subiato
452 1560 487 1599 ex
505 1543 753 1599 bomInumnotitia
763 1543 919 1609 soluturo.
929 1559 1070 1615 superesse
1086 1544 1209 1600 uidetur.

124 1647 198 1713 sed,
216 1647 293 1721 quod
307 1648 421 1722 quidem
430 1665 617 1720 speraveram,
635 1648 893 1703 dellexitllekkerus
910 1665 971 1702 mea
985 1664 1067 1703 causa
1084 1648 1120 1702 de
1135 1664 1212 1703 more

123 1768 191 1818 suo;
212 1754 385 1824 acceptisque
392 1752 609 1809 iloescbelianae
616 1753 796 1825 blaiauaeque
813 1735 966 1807 editionum
977 1754 1124 1823 exemplis,
1137 1764 1210 1824 quo·-

125 1872 186 1909 rom
199 1856 315 1925 margini
334 1857 502 1911 coniecturas
519 1856 588 1912 mihi
604 1866 697 1924 name,
711 1857 870 1928 valeriique
890 1856 1093 1912 emendationes
1110 1855 1213 1908 adscri-

124 1974 243 2030 pseram.
260 1957 319 2030 ip'se
338 1961 473 2016 universis
489 1961 565 2015 bisce
582 1962 708 2032 reliquiis
730 1961 907 2016 emendandis
924 1978 953 2015 se
973 1959 1058 2015 dedit
1084 1960 1119 2012 lit
1136 1957 1213 2031 quod

123 2062 162 2115 ad
178 2062 241 2115 ilias
260 2062 372 2141 quidem
393 2065 515 2130 attinet,
531 2065 691 2119 Parisieuais
709 2064 840 2119 editionis
857 2064 1011 2136 exemplar,
1031 2062 1212 2133 Maianaeque

126 2166 281 2238 eclogarum
306 2165 341 2219 de
364 2169 528 2232 sententiis,
555 2167 682 2239 plurimis
708 2166 776 2246 locis
800 2174 936 2233 correcta,
963 2166 1086 2235 remisit3
1117 2180 1213 2220 verum
1258 2148 1260 2152 ¹

125 2273 167 2326 ita
190 2277 223 2323 ut
245 2269 360 2324 arbitrio
383 2286 444 2324 meo
462 2268 633 2341 relinqueret
649 2273 674 2323 sl
695 2270 764 2342 quid
785 2268 888 2324 addere
907 2277 957 2324 sut
973 2277 1080 2323 mutare
1105 2267 1214 2321 vellem.

126 2373 191 2444 Quo
213 2373 342 2446 equidem
356 2374 398 2427 ita
417 2389 483 2427 usus
505 2389 566 2426 sum
575 2410 585 2439 ,
604 2380 637 2426 ut
652 2373 785 2444 plurimas
804 2375 967 2445 praesertim
982 2372 1103 2428 Bekkcri
1120 2388 1215 2426 emen-

130 2475 257 2530 dationes
277 2492 347 2548 quae
366 2475 532 2529 certissimae
557 2474 717 2545 viderentur
732 2478 763 2530 in
780 2476 906 2530 ordinem
921 2477 1053 2529 sermonis
1070 2475 1216 2531 inferrem:

126 2577 256 2634 adderem
279 2579 363 2633 etiam
382 2579 501 2634 subinde
526 2597 597 2651 quae
620 2581 719 2635 iterato
743 2581 867 2634 examine
886 2580 917 2634 iu
935 2586 1054 2633 mentem
1072 2579 1141 2631 mibi
1167 2595 1217 2634 ve·

127 2683 234 2738 uberat:
253 2697 288 2735 ex
303 2680 348 2735 bis
364 2689 456 2736 autem
467 2699 538 2755 quae
554 2698 571 2735 a
590 2700 634 2738 me
651 2684 793 2755 proposita
805 2681 944 2747 bellora,
962 2683 1040 2737 cuius
1058 2683 1217 2736 auctoritati

129 2787 162 2839 in
186 2789 320 2840 sermonis
344 2787 503 2856 cognitione
535 2789 649 2853 omnia,
673 2787 743 2842 mihi
767 2787 841 2842 nibil
865 2787 924 2842 iere
948 2775 1059 2853 tribuo,
1084 2787 1218 2859 displicu-

129 2891 185 2946 iase
211 2891 355 2956 videbam,
370 2890 444 2944 nihii
467 2890 584 2957 reduxi,
611 2900 721 2963 praeter
743 2910 874 2964 perquam
896 2909 982 2965 pauca
1017 2911 1087 2968 quae
1111 2909 1145 2947 ex
1172 2891 1218 2945 bi-

129 2996 216 3050 storia
233 2994 410 3049 diiudicanda
428 3001 526 3049 esseut.
562 2996 655 3066 Usque
679 2994 748 3049 adeo
770 3004 863 3051 autem
881 2995 1004 3050 Bellero
1025 2996 1140 3068 obsequi
1158 3012 1218 3049 me-

129 3115 207 3152 arum
223 3100 343 3169 partium
367 3114 425 3153 esse
444 3097 525 3164 duxi,
542 3107 592 3164 ut,
614 3100 722 3152 etiamsi
747 3100 865 3154 subinde
881 3097 1038 3171 surpicabar
1054 3103 1218 3171 scriptorum

131 3203 224 3273 potius
245 3202 330 3269 vitia,
354 3219 473 3274 qnorum
491 3219 579 3257 sermo
599 3205 703 3257 saeculi
720 3205 763 3257 sui
781 3204 845 3258 labe
862 3210 1003 3258 contactus
1023 3213 1108 3269 earet,
1136 3221 1219 3275 quam

133 3304 284 3359 acribarum
314 3306 468 3379 sphalmata
484 3308 565 3371 tolli,
589 3308 735 3379 impudens
762 3315 854 3361 tamen
877 3307 948 3360 mibi
971 3307 1043 3361 visus
1067 3324 1169 3370 essem,
1192 3307 1218 3358 si

130 3416 318 3483 contraquam
335 3411 385 3465 iile
407 3413 564 3477 statuisset,
584 3411 748 3466 deciderem.
769 3411 881 3466 Adbuc
898 3428 981 3483 genus
999 3410 1220 3479 illudpertinet,

131 3521 166 3566 ut
189 3516 312 3586 exempla
334 3515 490 3586 proferam,
508 3517 585 3588 quod
601 3534 682 3588 saepe
703 3534 752 3587 pro
769 3518 871 3570 aoriato
888 3519 977 3586 primo
995 3515 1117 3569 futurum
1134 3529 1218 3581 repo-

132 3616 195 3682 nit,
214 3623 278 3683 aut,
298 3618 350 3671 ubi
365 3619 439 3689 apud
455 3619 758 3686 Priscum,ll1aiclaum,
774 3617 973 3682 Menandrum,
991 3617 1121 3670 articulus
1140 3614 1217 3669 desi-

132 3718 261 3786 deratur,
284 3738 367 3792 quem
386 3729 460 3777 certe
488 3741 545 3778 nou
560 3724 651 3778 miuus
668 3723 783 3778 rationis
802 3737 883 3796 quam
906 3736 988 3775 sanae
1012 3719 1220 3773 consuetudinis

132 3823 207 3894 leges
223 3824 368 3896 flagitant,
386 3843 449 3882 eum
470 3827 583 3894 inserit,
602 3827 647 3882 vel
661 3819 737 3882 meus
758 3827 887 3899 obliquos
908 3827 1104 3898 pronominum
1120 3816 1170 3876 ὅδε
1190 3831 1219 3875 et

133 3914 219 3986 odrae
235 3946 297 3983 oum
308 3930 406 3986 iisdem
422 3932 500 4003 quia
515 3929 631 3986 τοιόσδε
642 3939 671 3986 et
686 3933 819 3990 τοιοῦτος
829 3933 997 3995 formantur,
1010 3937 1106 3984 mutat
1128 3926 1219 3985 Claro-

134 4031 325 4102 nograpiriam‚
342 4051 424 4106 quam
441 4034 528 4101 editio
546 4042 638 4090 nostra
650 4037 681 4088 in
696 4036 818 4107 margine
835 4034 966 4103 exhibet,
984 4032 1020 4089 ad
1037 4038 1165 4102 excerpta
1184 4031 1219 4085 ale

123 4124 320 4206 ‘legationibus
338 4155 395 4196 nou
412 4141 467 4199 levi
485 4138 582 4196 labore
597 4137 792 4203 stabiliveram
