2774 5106
342 578 605 646 utrumnum
633 579 836 645 ursroms.
1050 549 1133 636 333

57 733 181 824 ,στήμην
201 736 236 802 ἐν
254 743 325 811 ταῖς
343 738 403 800 τοῦ
431 737 578 815 ποταμοῦ
592 736 709 800 ,ναυσίν
739 730 962 819 όφειδόμενος,
986 727 1213 814 dontius-AS·
1227 730 1279 801 579

58 835 113 911 νός
133 860 169 900 τε
189 833 251 919 πρό
271 838 328 898 τοῦ
347 832 404 919 τήν
417 832 534 919 βουλήν
554 836 586 910 ἐς
606 831 641 898 τό
666 824 804 919 φανερόν
822 834 964 897 ἐκπεσεῖν
984 827 1019 895 τό
1037 804 1263 926 ἐγχει’-δ,ἷή(ήέ“ἰ2

57 958 145 1019 ρημα
165 931 402 1015 τελεώσασθαι,
421 939 516 997 πλοῖα
538 934 725 1016 συναγείρας
737 926 825 1003 ,κατά
845 927 903 1013 τήν
923 921 988 993 άνω
1002 935 1165 995 Παννω-Β

57 1034 130 1096 νίαν
162 1033 208 1106 εἷς
233 1028 290 1096 τόν
313 1022 437 1116 Ἴστρον
467 1027 565 1094 πολλά
592 1033 694 1114 βαρέα
701 1080 711 1111 ,
738 1025 794 1092 καί
812 1020 851 1090 οῦ
870 1024 949 1092 κατά
970 1027 1062 1110 λόγον
1080 1032 1137 1113 τῆς

40 1132 252 1214 ὄναυιτηγικής
271 1132 399 1215 τέχνης,
421 1122 506 1211 όμαις
526 1131 642 1194 ἐκτῶν
673 1127 806 1193 ἐνόντων
824 1125 950 1212 μακράς
977 1127 1137 1212 συμπηξά·

58 1252 152 1312 μενος
168 1227 396 1314 στρατιώτιδας
416 1234 511 1309 ναῦς,
532 1225 588 1292 καί
607 1225 739 1303 πολλοῦς
760 1229 794 1291 ἐν
815 1227 929 1301 αυίαἴς
950 1226 1137 1308 ἐπιβιβάσας

59 1324 191 1415 όπλίτας
211 1328 318 1409 ἐρέτας
337 1351 382 1408 τε,
403 1326 442 1391 ου’
462 1324 541 1392 κατά
563 1326 681 1407 κόσμον
704 1324 785 1390 άλλά
808 1327 1011 1411 βαρβαρικῶς
1030 1347 1063 1388 τε
1083 1324 1138 1414 καί

59 1421 234 1507 ἀνωμάλως
255 1434 325 1500 ταῖς
342 1421 465 1501 κώπαις
483 1421 653 1502 τύπτοντας
672 1422 709 1489 τό
732 1419 835 1509 όδωρ,
856 1422 984 1507 κινήσας
1003 1419 1136 1507 α’θρόον,

60 1531 132 1598 ταῖς
152 1547 186 1587 τε
206 1522 372 1609 ἐπακτρίσι
390 1519 445 1589 τόν
466 1521 623 1606 ποταμόν,
651 1523 706 1587 καί
725 1518 825 1599 αάτός
851 1517 931 1603 μετά
963 1519 1065 1604 πάσης
1081 1524 1137 1604 τῆς

26 1623 206 1708 ιοἈβάρων
225 1625 373 1706 στρατιάς
390 1624 469 1709 πεζή
491 1621 545 1686 διά
566 1625 623 1706 τῆς
649 1623 824 1706 Σιρμιανῆς
847 1617 1056 1704 πορευόμενος
1082 1616 1137 1703 νή-

58 1742 138 1801 σου,
163 1719 368 1804 παραγιόιεται
388 1718 466 1786 κατά
486 1719 541 1785 τόν
561 1718 645 1784 Σάον
666 1718 819 1801 ποταμόν.
860 1719 1138 1802 διαταραχθέντων

59 1821 96 1884 δὲ
115 1823 179 1883 τῶν
199 1823 233 1884 ἐν
251 1829 323 1896 ταῖς
349 1819 458 1885 πόλισι
484 1821 614 1893 ταύταις
634 1818 807 1907 Ῥωμαίων
834 1815 889 1882 καί
910 1815 945 1882 τό
965 1819 1137 1902 ἐγχείρημα

60 1915 309 2003 συννοησάντων,
330 1923 389 1983 τοῦ
407 1943 442 1984 τε
459 1921 494 1993 ἐν
512 1914 678 2003 Σιγγηδόνι
696 1919 879 2002 στρατηγοῦ,
900 1913 1007 2002 Σήθου
1027 1907 1162 1982 roim-o

56 2042 126 2098 μα,
149 2020 326 2095 στείλαντος
346 2016 425 2102 πρός
450 2017 505 2083 τόν
525 2014 691 2100 Χαγάνον,
711 2015 767 2080 καί
785 2017 999 2102 ἐπερωτῶντος
1020 2010 1077 2096 ό,τι
1097 2012 1137 2100 δή

25 2113 116 2180 ιῦκαί
133 2113 343 2197 βουλόμενος,
370 2110 495 2202 εἰρήνης
522 2117 655 2199 βεβαίας
682 2136 717 2179 τε
741 2112 797 2178 καί
816 2114 924 2200 φιλίας
944 2111 1140 2197 συνεστώσης

62 2205 152 2301 adripi
170 2238 203 2278 τε
231 2212 287 2278 καί
311 2214 506 2296 Ῥωμαίοις,
540 2211 619 2299 πρός
646 2209 701 2279 τόν
728 2216 810 2277 Σάον
830 2213 959 2299 όφίκετο
979 2207 1138 2294 ποταμόν,

59 2309 129 2393 ἅμα
157 2312 193 2377 δὲ
220 2315 368 2395 λέγοντος,
396 2310 440 2389 ῶς
464 2309 501 2378 οδ
526 2311 712 2397 περιόψεται
730 2314 891 2398 γεφυροῦν
910 2312 1140 2395 ἐπιχειροῦντος

60 2404 165 2474 aurosi
185 2409 238 2473 τόν
258 2410 400 2492 ποταμόν
411 2462 421 2492 ,
447 2412 505 2475 οάκ
525 2413 742 2495 ἐπιτρέποντος
763 2404 843 2483 όλως
871 2413 929 2475 τοῦ
949 2400 1139 2493 αὐτοκράτο-

62 2531 138 2592 ρος·
166 2510 209 2572 ου’
220 2508 306 2588 ,κατά
323 2511 489 2591 Ῥωμαίων
508 2533 541 2572 τι
559 2509 785 2595 μηχανώμενος
805 2507 866 2594 ἔφη
886 2506 1060 2585 βούλεσθαι
1080 2534 1140 2592 πη-

21 2606 174 2691 ῃογνόναι
187 2604 242 2692 τήν
257 2607 401 2695 γίφυραν
412 2659 422 2689 ,
439 2604 539 2682 άλλως
559 2610 594 2672 δὲ
614 2605 694 2673 κατά
714 2609 900 2690 Σκλαβηνῶν
923 2617 1057 2691 χωρεῖν,
1087 2609 1143 2673 καὶ

62 2704 345 2791 διαπεραισόμενος
360 2704 508 2773 τόνΣάον
520 2707 689 2789 ἐπιβαίνων
706 2730 742 2771 τε
759 2709 793 2782 ἐς
808 2704 866 2789 τήν
882 2711 898 2743 *
909 2705 1032 2791 Ῥώμην
1044 2698 1142 2784 αὖθις

60 2798 245 2890 τόνἼστρον
261 2805 472 2890 διαβήσεσθαι
482 2808 552 2871 κατ’
565 2807 680 2886 αάτῶν,
696 2811 812 2871 πλοίων
825 2806 913 2895 adripi
921 2809 1042 2871 uotiuis
1051 2807 1138 2890 nopai

132 2942 156 2978 a.
176 2921 233 2994 πρό
253 2927 305 2977 τοῦ
322 2925 364 2988 tt,
382 2923 457 2997 πρός
472 2926 563 2995 vulg„
581 2928 653 2995 πρὶν
680 2925 740 2977 Vni.
811 2927 836 2979 5.
856 2924 1074 2996 συμπηξόαενος
1092 2927 1140 2990 il„

133 2993 278 3116 δμιιηξήγι.
304 2997 373 3066 vulg.
492 3001 530 3051 ι3.
547 2995 709 3066 Σιγγηδόνι
742 2995 773 3048 ii.
793 3012 862 3063 mg„
888 2976 1042 3065 Σιγγιδόνι
1069 2997 1140 3067 vulg.

149 3059 222 3133 ήδή
261 3103 276 3115 ..
295 3064 341 3116 δεῖ
356 3066 427 3135 vulg.
489 3085 530 3119 nr.
549 3064 813 3138 διαπερανούμενος
831 3064 900 3137 orig.

61 3150 116 3203 diis
141 3158 232 3213 erant,
260 3154 375 3204 maxime
394 3152 468 3222 quod
487 3152 602 3204 muitum
621 3171 699 3205 usum
724 3160 752 3203 et
770 3153 908 3204 scientium
926 3153 1033 3204 narium
1051 3152 1143 3204 flumi-

61 3223 105 3274 nis
129 3220 282 3289 habebant3
306 3222 451 3273 consilium
474 3240 568 3285 suurn,
596 3231 743 3294 autequam
769 3223 798 3271 in
823 3222 917 3288 vulgus
942 3224 1142 3286 innotesceret,

62 3300 254 3354 exsecuturus,
281 3292 366 3343 muitn
384 3293 502 3344 rectoria
521 3293 664 3362 graviaque
682 3293 789 3359 navigia
807 3293 836 3341 in
859 3292 928 3343 Istro
951 3309 1000 3361 per
1018 3293 1143 3361 superio·
1180 3294 1182 3297 ’

61 3378 119 3414 sem
137 3362 304 3413 Pannoniam
323 3364 425 3431 coegit,
445 3363 607 3432 exquibus,
626 3376 813 3432 quaecumque
827 3361 947 3412 nancisci
962 3364 1067 3429 potuit,
1086 3379 1143 3417 non

63 3431 176 3502 quidem
198 3431 233 3482 ad
257 3435 322 3484 artis
346 3434 456 3484 navium
476 3430 703 3486 aedificandorum
722 3433 876 3492 rationem,
900 3440 991 3484 tamen
1009 3449 1090 3486 neves
1110 3449 1142 3485 en

62 3501 270 3571 magnitudine,
299 3510 331 3554 ut
347 3502 380 3555 nd
400 3501 503 3553 bellurn
519 3512 599 3570 aptae
617 3509 721 3564 esseut,
739 3501 886 3562 exstruxit,
910 3510 937 3552 et
956 3519 1001 3555 ess
1017 3502 1143 3556 homini-

63 3571 116 3623 bus
131 3573 241 3623 armetis
266 3579 295 3624 et
312 3572 458 3642 remigibus
477 3574 622 3635 instruxit,
649 3572 698 3642 qui
717 3572 861 3625 barbarum
880 3571 909 3624 in
926 3588 1028 3626 morem
1042 3577 1143 3629 incon-

64 3639 131 3693 ditis
147 3637 248 3694 ictibus
267 3660 365 3714 nquam
386 3643 573 3696 verberabant.
596 3645 649 3705 ,ita
670 3643 751 3694 simui
769 3644 853 3694 classe
876 3659 972 3713 magno
994 3654 1068 3697 motu
1088 3645 1141 3696 ilu-

63 3712 140 3764 snine
158 3712 286 3776 devecta,
305 3730 366 3763 cum
385 3712 511 3766 omnibus
524 3715 637 3766 Avarum
659 3712 831 3782 pedestribus
850 3712 934 3780 copiis
958 3729 1008 3782 per
1028 3715 1141 3768 Sirmiu-

64 3799 128 3832 nam
152 3784 269 3834 insulem
304 3798 410 3835 cursum
434 3786 536 3846 tenuit,
563 3792 591 3836 et
616 3782 651 3833 sd
678 3783 758 3834 Saum
780 3783 892 3834 fluvium
917 3787 1048 3851 pervenit
1084 3783 1142 3836 iios

64 3863 210 3919 conspecto
229 3861 377 3921 apparatu,
396 3853 523 3913 Romani,
543 3855 591 3921 qui
611 3854 640 3904 in
660 3852 776 3905 urbibus
795 3853 824 3902 in
843 3869 874 3905 ea
887 3861 963 3921 parte
982 3856 1042 3906 sitis
1059 3853 1142 3905 hobi·

64 3921 180 3984 tabant,
196 3921 372 3976 vehementer
390 3930 453 3974 suut
469 3923 628 3991 perturbati.
663 3924 727 3974 Erat
744 3922 843 3975 Sathus
863 3921 1016 3990 Singedone
1034 3924 1143 3993 praeie-

65 3999 135 4047 ctus.
170 3992 195 4042 Is
212 3992 246 4044 ad
267 3993 424 4064 Cbaganum
445 3994 536 4054 misit,
560 3995 608 4064 qui
627 4010 661 4044 ex
679 3994 738 4063 ipso
778 4001 915 4051 mereret,
942 3995 1070 4062 quonism
1089 4008 1144 4061 pax

65 4070 95 4114 et
122 4061 243 4113 smicitin
267 4063 310 4114 iiii
343 4080 404 4113 eum
434 4063 560 4114 Romanis
588 4071 672 4125 esset,
705 4012 775 4133 quid
804 4061 857 4114 sibi
882 4063 984 4124 veliet,
1014 4062 1088 4132 quod
1109 4063 1145 4114 ad

65 4133 149 4184 Saum
165 4135 299 4195 venisset,
328 4148 407 4204 quem
433 4134 456 4183 si
478 4140 562 4202 ponte
582 4134 693 4202 iungere
714 4133 867 4185 inconsulto
890 4134 1056 4201 Imperatore
1082 4140 1145 4183 ten-

65 4209 153 4262 sares,
170 4219 227 4254 nou
249 4218 377 4271 passurus
406 4210 484 4255 esset
521 4203 588 4264 lile,
607 4220 664 4255 non
693 4209 724 4254 ut
747 4205 893 4273 quiequam
918 4201 983 4252 maii
1017 4202 1144 4255 Romanis

68 4271 288 4337 machinaretur,
316 4282 427 4343 pontem
457 4289 486 4324 se
516 4280 620 4324 struere
651 4272 707 4335 ait,
741 4272 790 4324 sed
821 4279 853 4322 ut
881 4280 973 4322 contra
1005 4269 1144 4323 Scinvinos

67 4341 272 4413 expeditionem
300 4344 454 4413 susciperet.
501 4342 536 4395 Se
563 4344 719 4413 transmisso
742 4343 811 4403 Sno,
844 4347 874 4393 et
889 4341 992 4392 finibus
1010 4341 1145 4395 Romano⁶

61 4431 128 4470 Λιιιιιι
152 4415 300 4485 percursis,
328 4431 420 4472 rursus
445 4415 544 4468 Istrum
567 4414 761 4478 traiecturum,
788 4411 881 4466 multis
905 4408 940 4463 sd
957 4412 1144 4469 trusotiouen
