2774 5106
394 606 419 665 a
446 603 658 667 umanum
688 569 890 666 nrsroma.
1091 570 1173 684 317
1236 614 1240 624 ·

103 777 167 837 ως,
200 753 412 842 μειρακιώδης
430 750 510 823 οὸσα
530 759 701 838 παντοίως,
724 748 797 820 οὕτε
817 757 852 820 δὲ
872 749 968 818 άλλου
987 751 1072 829 τινός
1090 746 1178 833 οἶμαι
1186 768 1215 823 λ.
1228 772 1316 841 (1.5ἠ5

101 853 378 941 ἐμφρηηεστάτοη,
421 860 528 944 ἕτερον
554 854 615 941 γάρ
636 854 688 920 τόν
717 854 882 920 ὁντιναοῦν
901 841 1280 967 άτιαυθοιδίζεσθαιβιῑέξη3ἰ
1294 931 1321 967 Η

1152 954 1162 976 2

101 956 158 1019 ουίι
181 953 243 1018 άπό
263 952 380 1040 τρόπον
400 946 453 1040 ἦν·
493 959 609 1022 ἐκεῖνον
627 958 735 1037 μέντοι
755 954 796 1018 σί
816 952 1031 1037 βρενθύεσθαι
1049 949 1126 1026 ἴσως
1145 978 1179 1016 ε-

98 1057 196 1137 χρῆν,
230 1054 306 1118 ου’δὲ
333 1051 500 1139 ὁψαγόραν
529 1052 599 1119 τινά
629 1048 784 1118 εἶναικαὶ
810 1047 1035 1135 ἀπειρόκαλον.
1076 1050 1177 1136 ἧγάρ

82 1148 244 1236 immota·
267 1149 389 1235 ὕβρεώς
408 1176 443 1218 τε
461 1152 559 1237 μεστή
581 1154 636 1217 καί
655 1147 834 1232 ὁνειδισμοὸ
861 1150 915 1214 καί
932 1151 1179 1232 μεμεθυσμένων

99 1247 252 1336 ῥημάτων
280 1251 424 1335 ὑπῆρχε.
474 1251 531 1317 καί
559 1251 579 1336 ἦ
598 1252 657 1334 μὲν
677 1247 824 1334 ε’πιστολὴ
847 1247 1065 1335 ὑπερηφανίας
1084 1272 1119 1311 τε
1139 1240 1209 1334 ἧνΡ.
1221 1277 1268 1329 119

99 1352 154 1413 καί
174 1349 357 1428 ἀλαζονείας
377 1351 516 1437 πλήρης·
559 1351 719 1435 εἰσάγεται
748 1351 779 1415 δ’
800 1341 858 1414 οόν
874 1347 1038 1431 Ἰάκωβος,
1059 1349 1098 1412 ου’
1116 1345 1180 1434 μην

100 1444 143 1523 ώς
159 1443 336 1532 ’Ῑουστῖνον,
351 1444 405 1515 άτε
424 1447 547 1535 νοσώδη
564 1448 775 1533 τυγχάνοντα,
800 1446 881 1513 άλλά
897 1446 956 1534 γάρ
978 1445 1023 1522 τός
1041 1445 1100 1533 την
1119 1453 1181 1530 βα-

99 1547 224 1628 σιλίδα,
245 1550 316 1613 ἐπεί
335 1550 417 1634 αδτῆ
439 1548 496 1629 ξάν
518 1548 652 1637 Τιβερίῳ
674 1544 798 1614 ἅπαντα
818 1547 988 1632 ἔπραττεν.
1028 1541 1180 1626 ἀναλεξα-

47 1648 176 1731 ιομένη
197 1649 306 1712 τοίνυν
321 1647 359 1713 τά
380 1648 552 1733 γράμματα
573 1649 774 1732 ε’πηγγειλατα
794 1650 850 1712 καί
868 1643 949 1730 αὕτη
970 1646 1106 1712 στέλλειν
1123 1647 1179 1712 τόν

97 1744 367 1829 πρεσβευσάμενον
388 1748 433 1823 nic
451 1753 584 1831 βασιλέα
605 1751 743 1833 Περσῶν
771 1749 826 1812 καί
844 1744 932 1832 άμφί
950 1748 1013 1811 τών
1035 1745 1180 1837 ὁπωσοὸν

96 1848 304 1928 κεκινημένων
333 1845 638 1933 διαλεχθησόμενον.
670 1849 839 1912 στέλλεται
866 1848 896 1910 δ’
916 1838 974 1911 σόν
993 1844 1179 1931 Ζαχαρίας,

97 1944 132 2008 ἐν
171 1953 237 2020 τοῖς
268 1946 440 2027 βασιλείοις
479 1943 746 2031 κατοταττόμενος
782 1948 901 2031 ἰατροῖς
908 1994 918 2027 ,
954 1940 1181 2032 ἐπιφερόμενος

97 2040 230 2128 γράμμα
251 2047 285 2109 ἐκ
304 2051 361 2132 τῆς
382 2049 556 2129 βασιλίδος.

56 2156 99 2223 15
179 2141 238 2226 κβ.
271 2139 340 2210 Ὅτι
378 2145 434 2212 ἐπί
466 2150 613 2231 Τιβερίου
643 2148 811 2232 Καίσαρος
849 2144 880 2210 οἱ
917 2145 980 2211 τών
1008 2144 1302 2227 Ῥωμαιωνλοᾶησ

91 2245 269 2327 στρατηγοί
300 2245 446 2329 εἰσβολὴν
469 2248 518 2322 ,ἐς
540 2245 711 2328 Ἀλβανάιν
747 2243 970 2330 ποιησάμενοι,
1007 2241 1063 2307 καί
1100 2228 1325 2354 ὁμή-ἷὲζιίίξω

95 2363 172 2424 ρους
197 2338 344 2425 λαβόντες
372 2344 535 2430 Σαβείρων
570 2347 626 2409 καί
661 2336 765 2408 άλλων
799 2345 922 2423 ἑθνών,
952 2334 1029 2425 ἧκον
1058 2342 1090 2416 ἒς
1114 2345 1209 2421 liv-lt

97 2440 231 2518 ζάντιον.
266 2444 477 2528 α’φικομένοος
505 2445 541 2509 δὲ
558 2444 594 2508 ἐν
621 2441 791 2531 Βυζαντίῳ
826 2438 902 2516 τοός
940 2443 1088 2525 πρέσβεις
1108 2440 1180 2504 τών

96 2534 314 2605 ἐκδεδωκότων
337 2537 472 2617 ἓαυτοὸς
494 2541 636 2606 Ἀλανῶν
663 2565 699 2605 τε
728 2541 784 2604 καί
813 2541 975 2627 Σαβείρων
1004 2538 1021 2602 ὁ
1048 2542 1180 2625 Καῖσαρ

57 2639 222 2720 υοδέχεται
256 2641 401 2716 ἐπιεικῶς
428 2639 485 2705 καί
523 2638 608 2705 πάνυ
645 2637 888 2726 φιλανθρώπως·
929 2635 1108 2719 πυθόμενός
1147 2661 1181 2702 τε

93 2743 172 2823 παρ’
191 2736 296 2803 artum
321 2734 420 2804 ὁπόσα
440 2738 592 2825 χρήματα
613 2742 722 2815 ου’τοῖς
747 2738 855 2804 ἐδίδου
885 2733 902 2802 ὁ
924 2742 1061 2823 Περσῶν
1087 2743 1181 2821 βασι-

94 2833 185 2918 λεδς,
208 2838 351 2913 δεδωκώς
369 2862 405 2903 τε
425 2841 571 2916 ἐξουσίαν
590 2837 701 2927 σφισίν
729 2841 762 2915 ἐς
782 2833 856 2904 ὅσον
876 2834 1046 2924 ἠβούλοντο
1066 2841 1181 2922 ἐξᾶραι
1262 2904 1263 2907 ,

165 2940 190 2992 5.
211 2936 314 3007 ὕβρεως
331 2940 374 3006 N,
392 2938 500 3014 ὕβρεων
517 2943 587 3012 vulg.
698 2959 736 2996 ιο.
756 2941 950 3004 excitauit,
974 2940 1083 2995 στέλλει
1109 2941 1178 3010 vulg.

165 3026 212 3063 πα.
231 3012 364 3071 ἐξουσίαν
382 3014 427 3075 tt,
446 3013 579 3073 ἐξουσίας
598 3013 670 3084 vulg.

94 3111 151 3161 rins
168 3111 275 3181 ,opinor
304 3113 356 3165 viri
379 3112 526 3182 prudentia
556 3113 676 3183 praediti
699 3112 760 3168 suit
802 3113 893 3166 Alium
926 3113 999 3166 enim
1024 3114 1180 3184 quempiam

92 3179 258 3234 insolentem
284 3198 358 3246 esse,
383 3202 437 3236 nou
455 3185 576 3236 alienum
605 3185 720 3245 suisset,
743 3185 791 3236 aad
808 3185 887 3235 illum
907 3184 1019 3235 minime
1037 3184 1180 3253 superbire

92 3259 143 3302 aut
163 3250 293 3304 audacius
325 3255 401 3324 ioqui
427 3255 550 3306 decebat
593 3253 629 3306 At
646 3256 762 3324 epistola
788 3254 972 3306 contumeliae
989 3262 1017 3305 et
1038 3254 1132 3323 probri
1151 3261 1181 3305 rt

91 3321 238 3373 verborum
262 3324 440 3376 insolentium
466 3326 549 3393 plena
567 3323 621 3375 fuit
674 3326 770 3407 ltaque
789 3324 897 3376 etiamsi
914 3325 1030 3393 epistola
1052 3340 1181 3393 arrogan-

92 3393 149 3442 tiae
167 3400 196 3442 et
213 3402 385 3462 contemptus
403 3396 485 3464 plena
504 3403 590 3456 easet,
611 3401 702 3446 tamen
723 3394 895 3446 introductus
915 3403 956 3447 est
974 3394 1105 3454 Iacobus,
1122 3410 1180 3445 non

92 3459 206 3531 quidem
221 3463 255 3512 nd
273 3464 417 3526 lustinum,
437 3464 485 3534 qui
505 3463 577 3534 gravi
596 3465 692 3516 morbo
709 3467 821 3517 afflictus
840 3473 913 3526 crat,
930 3465 978 3516 aed
995 3465 1031 3515 nd
1050 3468 1179 3533 reginam,

91 3546 164 3600 quae
189 3533 280 3583 omnia
306 3535 413 3603 imperii
435 3535 546 3604 negotia
563 3552 623 3586 cum
642 3536 755 3587 Tiberio
784 3534 904 3586 curabat.
947 3537 1026 3593 Lecta
1052 3535 1179 3604 epistola,

92 3602 186 3670 regina
204 3602 363 3670 respondit,
383 3621 411 3655 se
430 3622 541 3724 φασιηρο
558 3606 699 3658 missuram
717 3607 837 3676 legatum
860 3603 894 3657 orl
920 3621 1010 3673 regem
1029 3608 1178 3669 Persarum,

91 3673 140 3742 qui
163 3671 199 3722 de
224 3673 366 3735 omnibus,
395 3673 494 3747 eloqui
518 3693 547 3727 us
572 3678 644 3728 inter
664 3679 737 3745 ipsos
758 3676 943 3731 controversia
961 3685 1034 3728 mota
1054 3686 1127 3738 erat,
1147 3693 1178 3725 a·

90 3750 175 3811 geret
211 3745 307 3814 Itaque
333 3744 452 3795 mittitur
474 3745 614 3798 Zacharias
640 3747 713 3799 inter
729 3748 904 3816 Imperatoris
929 3746 1049 3800 medicos
1075 3746 1178 3799 adseri·
1258 3785 1261 3796 .

89 3823 171 3882 ptus,
192 3815 239 3886 qui
258 3814 324 3865 tulit
340 3814 446 3865 litteras
469 3817 584 3884 reginae.

162 3902 204 3938 aa.
240 3884 296 3936 Sub
323 3884 437 3935 Tiberio
461 3885 577 3937 Caesare
595 3885 775 3938 Romanorum
794 3885 894 3950 duces,
919 3887 1025 3956 impetu
1045 3887 1074 3937 in
1095 3884 1179 3936 Alba-

90 3954 165 4005 niam
184 3954 272 4008 iacto.
292 3953 436 4005 obsidibus
455 3955 581 4008 aSabiria
600 3968 628 4010 et
646 3959 706 4009 aliis
725 3956 851 4027 gentibus
871 3958 1000 4025 acceptia,
1020 3957 1179 4022 Byzantium

90 4033 234 4076 venerunt.
271 4024 309 4074 Eo
327 4041 388 4076 cum
410 4025 492 4093 legati
518 4027 664 4079 Alanorum
690 4035 718 4080 et
735 4028 894 4080 Sabirorum
911 4032 1064 4086 venissent,
1084 4026 1130 4094 qui
1150 4042 1178 4076 sa

91 4093 218 4145 Romanis
248 4091 397 4156 dederant,
425 4096 522 4147 Caesar
540 4114 586 4148 eoa
605 4097 722 4167 benigna
739 4107 767 4150 ct
784 4097 941 4150 humaniter
959 4097 1073 4165 excepit.
1111 4094 1179 4146 Cum

90 4175 181 4216 autem
204 4182 237 4215 ex
257 4181 352 4215 rorum
368 4163 456 4218 verbis
468 4165 604 4231 audisset,
622 4176 736 4238 quantas
758 4169 886 4236 pecunias
902 4169 956 4219 illis
973 4169 1111 4218 Persarum
1131 4181 1179 4216 rex

91 4235 204 4304 largitus
233 4236 347 4296 fuisset,
369 4236 438 4287 sacta
461 4246 595 4305 potestate
602 4275 611 4300 ,
638 4246 770 4308 quantum
790 4240 892 4292 vellent
910 4235 1033 4289 oratioue
1051 4253 1106 4286 rem
1128 4251 1179 4286 rx-

92 4322 230 4373 aggerare,
252 4313 280 4356 et
299 4321 392 4356 verum
411 4305 527 4358 diceudo
545 4308 815 4376 obscurare,„Duplo
838 4311 939 4359 maiora
962 4309 1082 4376 praemia
1101 4305 1178 4363 vobis

93 4375 211 4442 largiar,
231 4375 341 4445 inquit,
372 4392 428 4427 non
447 4378 534 4428 solum
555 4380 619 4431 viris
639 4382 668 4431 in
689 4379 823 4445 dignitate
842 4378 1015 4438 constitutis,
1033 4376 1080 4429 sed
1099 4378 1179 4428 etiam

95 4445 247 4516 unicuique
274 4448 420 4499 vestrum?
463 4448 538 4502 Haec
564 4446 689 4503 barbaris
711 4449 847 4501 laetitiam
875 4448 1043 4510 attulerunt,
1073 4458 1100 4499 et
1128 4446 1179 4500 visi
