2744 5182
241 232 330 317 522v
662 252 877 357 ‘eniserunt
909 312 911 316 .

238 414 461 498 imperiumque
475 430 565 474 auum
583 410 706 474 vivendi
719 433 831 495 ponere
841 410 990 477 ductum.

235 513 366 576 Insidias
384 533 474 577 nemo
493 511 574 573 diras
593 512 759 594 metuitque
778 530 930 582 ¹venenum
968 562 969 565 ,

211 626 213 637 ’
236 614 398 696 Linguae,
419 633 480 695 quo
503 608 594 680 multi
614 610 788 672 ceciderunt
806 612 930 672 crimine
951 609 1032 670 ficto.

236 713 360 775 Perdita
379 733 428 775 ree
446 711 551 796 popuii
571 711 669 772 iirernt
688 710 746 773 snb
765 721 899 793 ternpore
918 708 985 770 diro
999 730 1014 788 ς-

235 811 376 874 Restituit
394 822 496 874 tamen
514 809 594 873 hanc
613 809 728 872 domini
748 809 905 893 prudentia
924 811 1019 881 mira,

234 909 396 973 Perficienr
415 912 557 989 firmum,
576 910 659 993 quod
678 909 758 993 cepit
776 908 898 987 debile,
919 926 1055 991 regnum.

318 1009 418 1073 Multa
437 1008 527 1073 simul
546 1011 633 1070 vario
651 1018 836 1070 concurrunt
852 1007 956 1069 ordine
973 1024 1100 1079 rerum,

233 1109 436 1194 Diversaeque
456 1108 583 1172 trabum
594 1118 728 1193 angusto
749 1119 871 1192 pectore
891 1128 1004 1179 seusun

233 1209 280 1270 Ac
299 1207 394 1271 veluti
413 1207 539 1293 Delphis
558 1207 697 1271 Phoebea
717 1229 787 1271 cum
807 1206 930 1270 numina
949 1206 1039 1291 plena

233 1309 347 1370 Omnia
365 1329 444 1391 quae
464 1309 603 1388 fueram,
622 1317 810 1392 quaerunt,
830 1308 1000 1390 pariterque
1019 1305 1121 1367 futura

231 1408 383 1490 Conspicit
405 1418 436 1470 et
454 1411 577 1491 cupiens
597 1406 775 1490 prohibetur
796 1407 924 1490 prodere
943 1403 1028 1466 luci:

232 1507 282 1568 Sic
300 1529 355 1590 ego
378 1510 549 1590 concipiens
569 1518 645 1588 tua,
663 1507 826 1590 Princeps,
848 1505 976 1589 plurima
994 1503 1091 1577 fucta,

232 1607 321 1683 Quae
341 1605 399 1667 tibi
418 1605 569 1669 debentur
582 1605 709 1673 diveraia
731 1604 867 1690 portibus
886 1604 987 1680 orbis,

231 1703 303 1765 Non
323 1726 445 1788 porrum
465 1703 567 1768 verbis
588 1703 690 1770 animo
709 1705 846 1789 preferre
865 1714 981 1788 paratu.

233 1803 383 1883 Quocirca
403 1803 529 1867 laudum
550 1803 649 1889 relego
669 1805 785 1889 fastigia
801 1827 931 1870 summa.

312 1904 401 1966 Nunc
422 1903 579 1973 hominurn
599 1905 701 1989 generi
722 1904 882 1969 laetissima
901 1903 1018 1968 saecun
1039 1911 1186 1978 cunum,

230 2006 318 2083 Quor
337 2003 441 2088 inopes
461 2003 577 2068 dudum
597 2004 747 2068 iaciebant
767 1995 846 2068 iussa
866 2006 1019 2083 nefanda,

229 2106 317 2183 Quae
336 2114 458 2188 propter
476 2103 565 2169 multi
584 2105 668 2169 aeder
689 2107 791 2190 sugere
812 2118 998 2190 parentum,

229 2202 318 2281 Quae
337 2213 424 2286 pater
443 2212 474 2265 et
493 2201 635 2275 dominun
655 2215 753 2268 terrae
772 2204 885 2267 delevit
907 2206 939 2267 in
960 2225 1088 2286 aevum,

227 2299 356 2385 Argenti
377 2301 513 2382 relevans
533 2313 625 2387 atque
642 2305 710 2367 auri
730 2303 863 2387 pondero
882 2304 1053 2386 mundum3

227 2400 442 2484 Perpetuoque
460 2423 570 2485 parrana
588 2401 646 2472 ribi
666 2406 796 2469 maxima
815 2406 948 2486 praemia
967 2403 1041 2467 caeli

226 2499 356 2560 Divitiae
376 2502 500 2577 temnit,
523 2520 585 2588 quo
605 2502 727 2585 prodeat
747 2503 888 2567 omnibus
907 2525 999 2565 unus.

226 2598 363 2684 Namque
384 2597 487 2662 cibum
506 2611 646 2684 poterant
665 2604 720 2685 qui
739 2606 790 2666 rin
812 2602 972 2686 adquirere
991 2607 1090 2682 vitae,

226 2697 341 2762 Oblato
361 2699 463 2762 miseri
482 2699 654 2764 thensauris
675 2722 800 2766 munera
820 2701 956 2782 flebunt,

224 2800 354 2863 Munere
373 2820 444 2864 cum
462 2800 575 2886 gemitu
594 2802 672 2866 tristi
690 2800 1025 2886 lacrymisquecoam

225 2901 347 2984 Quippe
369 2899 463 2975 dabat
482 2921 589 2965 causac
609 2899 748 2966 violentia
768 2901 852 2965 lucra
871 2902 998 2988 parandi

224 2998 268 3060 Et
287 2998 386 3077 mala,
409 3021 488 3086 quae
506 2999 610 3084 plures
630 3001 747 3084 pridem
767 3002 889 3082 dixere,
910 3013 1049 3068 canentes

223 3098 362 3160 Romano
381 3111 504 3182 vertrae
516 3099 564 3162 vel
587 3100 681 3162 Graio
700 3103 834 3168 camnine
854 3101 969 3170 laudea.

222 3198 265 3260 Et
284 3220 345 3280 quo
369 3210 486 3283 sceptra
506 3199 574 3262 loco
594 3199 719 3263 dederat
737 3200 794 3263 tibi
816 3214 915 3267 rector
936 3200 1086 3286 Olympi,

223 3297 295 3376 Quo
315 3308 406 3381 caput
425 3301 489 3381 ipre
508 3309 596 3360 tuum
614 3299 714 3382 primo
733 3299 902 3363 diademate
921 3303 1033 3380 cinxit,
1049 3366 1054 3383 f

109 3390 111 3393 ’
222 3397 282 3459 Hic
302 3396 360 3460 ribi
382 3395 489 3460 donari
513 3396 662 3461 librorum
682 3399 760 3466 vidit
776 3421 923 3480 acervos,

221 3496 369 3560 Cenaibua
383 3496 524 3574 infestor,
544 3510 701 3562 servantes
721 3500 832 3583 scriptu
852 3497 1021 3577 doiorum,¹

220 3597 351 3660 Munera
369 3598 535 3680 suscipiens
555 3596 681 3662 flammis
699 3610 821 3662 aeterna
842 3599 951 3662 beatis.

219 3696 271 3759 Ad
292 3719 367 3782 quaa
382 3700 505 3762 accessit
525 3697 660 3783 placidus
680 3702 774 3784 magia
793 3700 936 3762 omnibus
956 3702 1035 3778 aria,

219 3798 346 3881 Aspexit
358 3810 474 3863 vestros
490 3798 581 3863 radiis
598 3799 643 3862 sol
663 3820 773 3862 eureus
794 3803 897 3884 ignea3

218 3897 261 3969 Et
275 3898 415 3980 placuere
435 3900 515 3962 diem
536 3899 682 3962 ¹violantia
703 3899 818 3962 lumina
835 3901 940 3975 firmo,

220 3998 308 4076 Quae
326 4019 404 4079 pura
424 3998 540 4082 fulgens
558 3999 696 4061 accendit
716 4011 816 4061 mente
833 4020 968 4063 rerenua

220 4095 289 4182 lpse
309 4090 393 4160 locus
412 4097 496 4162 vobis
518 4099 650 4165 ostendit
669 4099 736 4175 iure
758 4110 903 4186 tropaea3
