2716 5078
246 266 300 320 ιο
472 328 477 338 ¹
544 260 758 329 nxcnnrua
792 260 817 322 n
849 233 1024 325 nnxrrro

104 434 345 558 ill-aprunum
365 427 423 513 τήν
443 429 595 511 εὐτυχίαν
613 427 669 514 τήν
689 425 902 513 ὑπάρχουσαν
915 429 1094 515 προμηθείᾳ
1114 427 1167 512 τής
1180 424 1260 513 ὑπὲρ
1280 430 1347 494 τοῖν

97 505 190 559 Aml'
213 518 341 596 ”ύντων
361 528 540 615 ἀσφαλείας
561 530 805 609 διασώσασθαι,
837 529 896 592 καί
914 531 974 616 βοῇ
1000 525 1038 590 τύ
1066 524 1257 608 βουλόμενον
1286 554 1345 612 ση-

246 628 429 713 μαίνοντες,
450 625 632 708 σύμπαντες
653 629 686 703 ἐς
705 625 763 711 τήν
784 623 956 691 κατάλυσιν
976 628 1032 690 τού
1052 628 1190 706 πολέμου
1214 624 1343 712 ἐχώρη-

245 752 324 793 σαν.
367 728 422 790 καί
446 728 512 790 οἵδε
535 729 594 807 μέν
624 717 688 790 ὧδε
716 728 961 811 συνηνέχθησαν
989 724 1117 812 γνώμη·
1160 721 1191 789 οἱ
1222 727 1258 790 δὲ
1278 728 1344 790 τῶν

246 823 422 910 βαρβάρων
441 829 585 906 βασιλεῖς
605 829 660 889 καί
679 818 848 909 ἄρχοντες,
870 819 997 908 ἥκοντες
1018 820 1132 890 καθότι
1153 822 1248 909 σφισί
1268 848 1348 908 προ-ς

246 927 419 1009 ειρημένον,
441 922 554 989 ἔδοσαν
575 919 716 1010 ὁμήρους
733 928 824 1010 σφῶν
844 925 973 1005 αὐτῶν,
995 924 1034 988 ού
1053 921 1094 988 τὰ
1118 922 1250 1007 δεύτερα
1274 923 1345 1000 ἀξι-

248 1021 354 1098 ιύσεως
375 1021 429 1086 καί
449 1019 565 1106 τύχης.
608 1023 690 1088 οἵτε
710 1020 770 1107 γὰρ
792 1028 934 1104 βασιλεῖς
953 1021 1028 1098 τούς
1058 1025 1178 1100 παῖδας
1197 1018 1346 1106 ἓκολτεροι

223 1122 396 1196 οδιδύασιν
413 1113 447 1198 ές
466 1122 525 1205 τήν
545 1120 717 1214 ὁμηρείαν,
741 1119 956 1200 ἐνδοιάσαντες
977 1125 1085 1202 oridia,
1107 1121 1162 1186 καί
1181 1125 1288 1206 ἕτεροι
1305 1117 1346 1184 ίί-

248 1249 295 1304 μα
318 1223 425 1296 αύτοῖς
448 1222 485 1285 ού
507 1218 596 1303 μύλα
617 1218 729 1308 πόρ’ρω
751 1219 932 1302 ἀξιώσεως.
973 1221 1028 1286 καί
1047 1225 1102 1287 ins*
1120 1221 1242 1296 τούτοις
1262 1217 1345 1305 ἑχού-

248 1320 349 1407 ρησύν
367 1344 401 1384 τε
422 1318 503 1406 πρός
524 1318 695 1402 σύμβασιν,
718 1320 774 1385 καί
792 1320 827 1385 αἱ
847 1321 983 1386 σπονδαί
1005 1323 1161 1410 ἐγένοντο..
1203 1318 1348 1402 covered-¹

246 1443 328 1503 χουν
350 1422 385 1484 δὲ
408 1419 471 1484 οἷπό
500 1423 597 1505 τήσδε
622 1415 793 1502 Ῥωμαίοις
812 1419 988 1504 Βανδήλιον
1013 1421 1118 1497 ἱππεῖς
1139 1424 1184 1497 εἷς
1206 1423 1345 1503 δισχιλί-

249 1544 322 1602 ους,
350 1520 379 1583 οἱ
395 1524 459 1600 μέν
478 1544 560 1594 τινες
582 1517 706 1606 αἱρετοί
725 1522 759 1583 ἐκ
780 1523 837 1585 τού
858 1517 1001 1605 πλήθους
1021 1523 1054 1597 ές
1076 1518 1134 1604 τήν
1155 1522 1345 1602 συμμαχίαν

248 1623 506 1703 καταλεχθέντες,
527 1618 557 1683 οἱ
578 1622 614 1684 δὲ
635 1620 691 1684 καί
709 1623 871 1695 ἐθέλοντες
891 1616 1035 1686 ἑκούσιον
1055 1616 1207 1705 στρατιοὶν
1228 1618 1345 1682 sinodo

249 1718 375 1802 όμενοι.
417 1719 491 1784 ὅδὲ
519 1716 627 1795 λοιπός
647 1716 822 1804 Βανδήλων
836 1714 958 1801 »ὅμιλος
986 1723 1036 1784 ἐπ’
1055 1717 1141 1784 οἴκου
1171 1719 1348 1799 ἐκομίζετο,

249 1821 443 1902 παρέχοντος
483 1824 543 1884 τοῦ
569 1818 737 1898 Ῥωμαίων
771 1811 923 1903 ι’ίρχοντος
958 1816 1079 1903 ἀγορὰν
1106 1817 1176 1883 ἔστε
1206 1819 1263 1881 dns*
1287 1812 1348 1879 sis·

241 1912 378 2003 Ἴστρον.
418 1920 474 1983 καί
498 1915 534 1984 τύ
565 1918 626 2000 μὲν
647 1914 793 1990 πλεῖστον
814 1920 915 1982 aaron
937 1914 1061 1994 ἀπαθὲς
1081 1914 1236 2000 διεσώθη·
1278 1910 1348 1980 ὅσοι

249 2019 286 2082 δὲ
306 2019 487 2102 παραβάσει
507 2020 570 2082 τῶν
589 2018 733 2081 σπονδῶν
749 2015 805 2082 ἐπέ
818 2020 904 2093 λείας
923 2016 1079 2102 συλλογήν
1099 2015 1253 2101 ἀφθόνως
1274 2013 1348 2078 cirre

250 2118 492 2202 σκεδάσθησαν,
524 2111 729 2204 ἆνηρέθησαν
749 2117 928 2198 σύμπαντες
948 2113 1010 2180 tud
1032 2117 1089 2181 τού
1109 2109 1262 2198 ἡγεμόνος
1283 2116 1348 2180 ruit

222 2221 381 2294 Βξενικῶν
400 2219 628 2301 στρατοπέδων,
650 2214 690 2278 ού
709 2217 820 2296 μείους
838 2214 1001 2299 γενόμενοι
1022 2215 1252 2279 πεντακοσίων.
1294 2207 1348 2278 of*-

206 2395 207 2399 ρ
249 2314 311 2398 γὰρ
335 2313 375 2399 δή
400 2314 453 2380 διὰ
477 2312 586 2401 φιλίας
606 2317 663 2397 τής
682 2313 791 2399 χώρας
811 2315 1036 2400 πορευόμενοι,
1070 2316 1126 2379 καί
1151 2311 1268 2395 θύρσει
1289 2315 1348 2397 τῇ

253 2418 417 2499 γενομένης
437 2410 518 2499 πρὸς
533 2409 713 2493 Ῥωμαίους
734 2412 860 2497 εἰρήνης
880 2417 1081 2499 ἐπαρθέντες,
1102 2414 1159 2495 τῆς
1175 2411 1280 2496 πάσης
1296 2437 1348 2477 τι

323 2569 350 2620 θ.
368 2562 556 2624 ἐνδυόσαντες
582 2566 651 2636 vulg.
786 2584 823 2619 ιι.
846 2565 999 2636 Ῥωμαίοις
1020 2567 1071 2630 λλ,
1099 2564 1250 2631 Ῥωμαίων
1267 2563 1348 2616 cosl-

327 2639 366 2689 ι3.
384 2634 580 2708 ὑποδυόμενοι
598 2635 642 2690 οδ.
662 2634 926 2708 8.,δποδυόμενοι
943 2636 1022 2689 οοδδ.
1132 2654 1170 2706 sp
1190 2626 1299 2699 οἶσθ,
1337 2652 1348 2686 s

322 2707 396 2775 vulg.

256 2852 313 2906 illis
334 2852 468 2923 optimum
487 2870 546 2907 esse
565 2852 720 2919 rideretur,
738 2872 798 2908 rum
818 2861 972 2908 statuerent
989 2858 1159 2924 praesentem
1177 2850 1345 2923 prosperita

185 2966 188 2972 ,
256 2932 312 2976 tem
331 2924 403 2977 tueri
422 2934 451 2978 et
468 2942 567 2988 rerum,
582 2927 685 2997 quibus
707 2929 894 2997 potiebantur,
912 2926 1039 2976 fruitioni
1063 2925 1183 2992 prospici
1202 2929 1342 2991 oportere

257 3012 334 3046 suam
352 2996 387 3047 de
406 3011 438 3045 ea
455 3012 484 3046 rc
507 2997 675 3049 voluntatem
693 3015 759 3050 voce
777 2997 999 3067 significaverunt
1014 3001 1043 3047 ct
1055 2992 1177 3044 universi
1194 2993 1223 3045 in
1236 2998 1348 3044 seuten-

257 3064 325 3116 tiam
350 3063 465 3117 finiendi
489 3066 558 3118 belli
581 3070 699 3120 iverunt.
736 3069 781 3120 Sic
799 3069 885 3136 igitur
902 3067 975 3118 inter
994 3063 1056 3117 illos
1077 3066 1213 3116 convenit.
1248 3064 1348 3129 ltaque

257 3134 439 3187 barbarorum
449 3152 524 3204 reges
545 3146 574 3189 et
591 3139 729 3206 principes
747 3146 896 3198 venerunt,
913 3146 942 3189 et
959 3144 991 3187 ut
1009 3136 1064 3187 illis
1085 3141 1143 3186 erat
1159 3141 1345 3203 praeceptum,

259 3222 293 3257 ex
313 3206 369 3256 suia
388 3205 497 3257 obsides
523 3207 647 3276 quinon
669 3209 697 3258 in
718 3209 846 3260 secundis
866 3206 991 3278 partibus
1009 3205 1137 3257 fortunae
1156 3211 1185 3255 et
1203 3198 1344 3273 dignitatis

259 3273 427 3338 haerebant,
451 3274 601 3341 dederuut,
632 3286 749 3349 uterque
763 3282 847 3331 <enim
873 3296 921 3330 rex
945 3285 973 3328 et
991 3277 1109 3345 proximi
1132 3275 1265 3343 dignitate
1286 3280 1340 3321 unt

259 3362 322 3400 cum
346 3346 414 3413 ipsis
444 3348 503 3397 sine
521 3363 597 3398 mora
616 3348 688 3398 filios
707 3365 838 3419 suos,pro
856 3347 1001 3400 obsidibus
1020 3345 1219 3398 tradiderunt·
1238 3343 1284 3394 His
1297 3341 1339 3391 le·

259 3418 339 3484 gibus
359 3417 393 3468 ad
411 3424 489 3484 pacta
517 3426 547 3469 ct
570 3420 766 3471 conventiones
785 3426 899 3473 uentum
918 3425 974 3482 est,
1000 3426 1029 3469 et
1046 3416 1158 3469 foedera
1175 3412 1342 3474 euntium

258 3485 378 3538 Vandali
388 3489 515 3538 Romania
532 3486 586 3540 duo
606 3489 682 3540 mille
703 3493 810 3560 equites
828 3489 986 3542 auxiliarios
1005 3503 1037 3539 ex
1056 3485 1170 3539 foedere
1188 3483 1324 3553 suppedito

261 3556 347 3619 bant,
366 3573 483 3626 quorum
501 3558 629 3610 nonnulli
649 3576 682 3611 ex
703 3566 762 3611 tota
780 3562 916 3612 exercilus
934 3557 1113 3611 multitudine
1133 3554 1234 3607 delecti
1264 3563 1288 3605 et
1307 3552 1339 3606 it!

261 3626 330 3680 belli
349 3628 508 3680 sociotatem
528 3625 674 3697 adscripti,
690 3630 740 3679 alii
758 3638 935 3699 spontaneam
952 3628 1079 3679 militiam
1093 3626 1244 3678 subeuntes
1257 3626 1343 3678 τοῖσδ’

261 3715 298 3750 na
314 3697 456 3749 dederunt.
492 3698 624 3768 Reliquus
644 3699 831 3751 Vandalorum
858 3702 1009 3761 exercitus,
1033 3699 1122 3749 salvus
1149 3704 1178 3748 et
1202 3695 1341 3749 incolumis

261 3777 446 3829 conservatus,
465 3771 646 3820 Romanorum
661 3769 828 3837 imperatore
840 3771 913 3822 vitae
931 3769 1084 3821 necessaria
1094 3783 1182 3837 usque
1195 3766 1231 3816 ad
1249 3767 1342 3823 lstrnn

258 3841 296 3891 iis
322 3839 491 3907 praebente,
524 3837 635 3890 domum
654 3839 745 3892 rediit.
782 3841 836 3893 Sed
859 3842 1019 3910 quicunque
1043 3841 1077 3890 ab
1097 3838 1220 3890 exercitu
1238 3837 1341 3892 violatis

262 3907 436 3971 foederibus,
454 3910 489 3961 ad
505 3907 693 3978 praedandum
711 3918 740 3961 et
757 3911 865 3980 rapinas
884 3910 1023 3962 faciendas
1036 3910 1145 3978 longius
1157 3918 1345 3973 excesserunt.

261 3995 357 4032 omnes
375 3995 392 4029 a
411 3978 479 4043 duce
506 3988 662 4033 exterarum
682 3981 820 4050 copiarum
832 3982 940 4103 lperant
961 3988 1053 4034 autern
1072 3998 1129 4033 uon
1147 3979 1248 4039 minus,
1265 3996 1343 4049 quus

263 4050 423 4119 quingenti)
444 4057 508 4100 sunt
524 4050 596 4103 caesi
616 4058 646 4101 et
660 4053 789 4119 peremti,
858 4054 868 4103 i
893 4051 966 4104 enim
984 4052 1076 4121 specie
1093 4047 1251 4112 amicitiae,
1276 4050 1346 4108 θελοι,

261 4121 303 4173 eia
320 4121 395 4190 pscis
413 4136 474 4172 cum
493 4117 620 4176 Romanis
639 4120 727 4178 factae
745 4121 828 4185 elati,
852 4120 930 4176 nullo
956 4129 1063 4176 serrato
1092 4118 1207 4198 ordine,
1234 4122 1345 4177 uenias
