2738 5228
219 219 302 334 590
486 200 659 315 mmm
688 251 830 318 ranam
859 253 997 318 noran

215 405 283 468 Deo
306 405 427 486 udante,
454 406 487 468 in
516 428 587 470 suos
614 429 709 472 annos
740 407 915 494 digerentur
943 407 1070 473 anobis
1090 408 1124 474 in
1147 408 1300 474 Chronico

217 510 314 551 novae
337 490 461 551 Romae.

298 572 435 653 ragan
451 573 491 633 A.
512 572 602 657 [aaa
615 569 677 656 ιλ]
698 573 826 636 σαυππε
841 554 900 659 με
923 576 1137 638 commota.
1152 575 1301 638 samm

215 678 237 717 α
259 656 390 717 Chosroe'
405 671 554 740 repeteret.
576 660 676 735 Quem
696 657 839 718 hocloco
859 658 1059 740 Theophanes
1074 658 1301 720 Comentiolum

176 809 187 831 ,
215 740 375 816 nominat,
396 741 428 799 in
448 741 606 822 Excerptis
624 741 785 802 Menandri
806 742 989 803 Protectoris
1010 764 1077 824 pag.
1101 741 1171 820 148.
1192 743 1302 804 editio·

216 825 264 883 nis
283 825 381 903 regiae
404 823 513 884 dicitur
533 826 683 900 loannes,
713 825 894 906 Comentioli
915 825 1014 900 filius,
1046 836 1082 884 ut
1111 845 1234 886 necesse
1264 827 1302 887 sit

215 905 352 966 alterutri
373 905 440 967 loeo
461 907 580 969 subesse
600 908 754 967 mendum.
796 910 913 969 Locum
934 908 1093 969 Menandri
1114 908 1299 987 adscribam,

214 1000 282 1050 tum
304 989 385 1071 quod
406 989 562 1073 legationis
582 1001 699 1071 tempus
728 1012 910 1073 causamque
937 992 1068 1053 insinuet
1098 992 1300 1072 Theophanis

215 1075 313 1133 nostri
326 1076 491 1134 narrationi
503 1085 746 1152 consentaneam,
769 1085 836 1135 tum
850 1074 932 1156 quod
947 1074 1006 1137 levi
1027 1077 1116 1135 unius
1138 1075 1298 1137 alteriusve

215 1154 368 1216 litterulae
388 1161 554 1220 mutatione
577 1158 727 1218 sanandus
755 1158 895 1219 rideatur
914 1180 922 1217 :
944 1155 1107 1228 Ἰουστῖνος
1128 1153 1145 1217 d
1170 1154 1299 1257 ἆνεφιός

214 1236 446 1302 Ἰουστινιαυοῦ
475 1242 542 1302 κατ’
561 1241 659 1302 ἐκεῖνο
681 1240 792 1321 καιροῦ
819 1233 975 1319 Ἰωάννην
1006 1236 1059 1301 τὸν
1081 1241 1297 1317 Κομενυιολυυ

215 1321 287 1402 (vel,
310 1322 392 1404 quod
406 1345 467 1384 non
480 1326 579 1385 minus
593 1323 715 1402 arridet,
736 1318 791 1385 τὸν
809 1323 1041 1401 Κομεντίολον,
1062 1326 1105 1383 sic
1126 1326 1241 1406 quippe
1257 1323 1298 1384 le·

214 1407 346 1488 gendum
367 1406 508 1482 arbitror,
532 1429 593 1468 non
614 1400 846 1484 Δομεντιόλου,
868 1417 903 1466 nt
923 1405 1037 1467 habent
1057 1407 1140 1467 edita
1150 1411 1173 1486 ‚)
1194 1405 1240 1480 εἰς
1260 1399 1319 1466 td.

214 1488 353 1570 Περσῶν
380 1478 443 1570 ἤθη
465 1484 582 1552 ἔστειλε
602 1485 878 1570 πρεσβευσάμενον.
921 1485 1155 1569 παρενεγγύησε
1188 1488 1225 1549 δέ
1255 1483 1298 1564 oi,

215 1569 250 1630 dn
268 1569 328 1646 μὲν
341 1571 400 1630 τοῦ
422 1573 585 1654 ἐμφανοῦς
604 1563 792 1652 α’νακὴρυξιν
812 1568 1008 1654 ποιήσασθαι
1027 1574 1081 1652 τῆς
1110 1571 1215 1632 αὐτοῦ
1248 1566 1299 1631 ἐπὶ

213 1645 270 1732 τὴν
300 1653 464 1728 βασιλείαν
490 1649 722 1756 ἀναγορεύσεως
752 1649 832 1715 κατὰ
863 1651 899 1716 τὸ
923 1648 1038 1728 εἰωθὸς
1064 1651 1238 1731 Ῥωμαίοις
1264 1671 1298 1713 τε

213 1730 269 1795 καί
288 1733 457 1816 Πέρσαις,
479 1737 513 1800 ἐν
534 1737 644 1819 ταοτρλ
665 1735 721 1814 δὲ,
743 1734 805 1814 εἴγε
827 1740 953 1800 aaaron
973 1733 1102 1817 καιρὸς,
1128 1734 1185 1798 καί
1215 1727 1298 1818 ἀμφὶ

213 1814 374 1889 Σουανίας
402 1819 527 1901 κινῆσαι
549 1815 671 1899 λόγους.
713 1817 832 1900 ταύτην
849 1815 909 1901 γὰρ
930 1808 1017 1880 οὔπω
1046 1815 1198 1900 Χοσρόρς
1226 1817 1298 1879 α’πε-

213 1896 350 1981 tepuitque
366 1897 536 1978 Ῥωμαίοις
550 1914 617 1978 etc,
634 1923 711 1983 quae
727 1901 856 1986 Eclogas
871 1915 987 1964 nostras
1004 1903 1128 1963 mirifice
1148 1901 1298 1963 illustrant

213 1985 308 2044 nimio
329 1983 486 2054 brevitatis
499 1987 599 2048 studio
614 1985 825 2047 subobscurus.
867 1989 894 2047 E
919 1987 1017 2051 uidem
1030 1985 1087 2045 sub
1101 2006 1138 2045 ea
1152 1997 1296 2067 tempora,

214 2066 349 2143 Iustino,
375 2068 499 2129 Tiberio
519 2070 727 2150 Mauricioque
749 2071 906 2151 imperanti
928 2092 987 2142 us,
1022 2068 1162 2128 crebram
1185 2071 1298 2151 reperio

214 2147 396 2211 Comentioli
435 2153 617 2214 mentionem
645 2154 724 2233 apud
756 2155 923 2234 Euagrium
953 2151 1201 2229 scholasticum,
1250 2152 1298 2234 qui

116 2232 271 2315 V-aoqlib.
293 2234 325 2295 6.
349 2255 413 2316 cap.
440 2234 487 2315 14.
521 2257 629 2320 genere
651 2238 801 2297 Thracem
822 2235 932 2310 fuisse,
971 2246 1002 2296 et
1034 2234 1299 2318 Martyropolime

215 2317 316 2379 Persis
335 2319 500 2398 recepisse,
526 2320 703 2402 chasque,
725 2321 954 2380 munitissimam
975 2339 1098 2396 arcem,
1120 2339 1300 2401 expugnasse

215 2399 322 2474 docet,
346 2411 375 2461 et
397 2401 659 2486 Theophylactum
670 2404 863 2464 Simoeattam
885 2403 936 2465 lib.
952 2425 978 2463 r.
1000 2401 1145 2463 historiae
1155 2405 1255 2484 eapite
1264 2400 1301 2480 4,,

215 2483 269 2544 ubi
301 2484 411 2544 dicitur
456 2480 536 2565 οἶνὴρ
569 2484 633 2547 τῶν
653 2477 934 2567 σωματοφυλάκων
952 2485 1010 2546 τοῦ
1029 2482 1187 2562 βασιλέως
1208 2483 1301 2565 ὑπερ-

217 2560 388 2648 φερόμενος
400 2613 411 2644 ,
434 2560 470 2628 ὃν
491 2568 654 2647 Σκρίβωνα
674 2568 711 2652 τῇ
731 2567 883 2630 Λατινιλλι
916 2571 1005 2652 φωνῇ
1029 2564 1182 2644 Ῥωμαῖοι
1214 2587 1301 2628 κατο-

215 2642 408 2727 νομὰζουσι,
430 2661 461 2711 et
480 2650 510 2713 5.
531 2651 561 2713 6.
586 2675 615 2735 7.
635 2651 687 2713 lib.
703 2673 732 2712 2.
756 2651 808 2712 lib.
824 2649 853 2714 5.
869 2673 975 2732 cupa.
1001 2649 1127 2731 aliisque
1148 2651 1298 2730 deinceps.

215 2729 333 2792 Auctor
355 2733 497 2795 Chronici
519 2734 717 2797 Alexandrini
731 2746 848 2811 narrat,
871 2731 1111 2809 Comentiolum,
1134 2734 1299 2794 Patricium

216 2826 246 2876 et
269 2818 447 2897 Magistrum
477 2816 619 2893 militiae,
651 2842 720 2880 cum
748 2820 896 2879 Mauricio
925 2817 1124 2900 pluribusque
1147 2817 1298 2877 nobilibus

215 2899 299 2961 iussu
320 2900 442 2962 Pboeae
456 2905 578 2985 tyranni
593 2925 713 2964 caesum
742 2902 831 2963 fuisse
851 2912 936 2962 trans
955 2901 1063 2961 urbem
1084 2899 1123 2960 ad
1145 2900 1182 2961 S.
1205 2901 1299 2960 Cono-

216 2983 282 3059 nis,
312 2984 457 3065 additque
476 3007 511 3046 ex
540 2988 652 3069 Magno
674 2985 936 3068 Chronographo,
959 2985 1095 3066 quisquis
1115 2981 1168 3043 ille
1191 2983 1300 3059 fuerit,

216 3063 336 3126 divinae
357 3068 389 3125 in
410 3070 593 3129 Mauricium
609 3069 731 3130 ultionis
752 3090 872 3129 causam
894 3069 942 3128 his
965 3067 1091 3128 verbis:
1115 3065 1299 3143 Μαυρίκιος

214 3141 403 3246 ὄιβασιλεμς
417 3152 461 3233 τῷ
482 3153 609 3235 στρατῷ
632 3146 848 3229 Κομεντιόλου
871 3153 933 3231 (siu)
956 3146 1090 3212 ὑπέθετο
1110 3141 1299 3228 suffurtas.

212 3249 270 3291 κον
290 3251 470 3310 στρατευμα
492 3236 692 3312 παραδοῦναι
714 3232 875 3312 πολεμίους
896 3246 973 3294 σου,

122 3329 208 3393 nm
302 3315 381 3395 Pug.
403 3336 454 3375 ar.
477 3316 515 3376 A.
535 3316 625 3400 [48ss
651 3316 691 3399 1.]
714 3317 859 3379 Scantiam
882 3327 1033 3402 repeteret.
1071 3312 1301 3376 ExMenandn'

214 3395 399 3459 Protectoris
418 3398 573 3480 Excerptis
595 3423 661 3483 pag.
677 3400 743 3465 138.
771 3400 837 3480 143·
860 3399 928 3478 145.
956 3397 1022 3476 146.
1052 3397 1183 3480 aliisque
1213 3398 1299 3459 disci·

215 3501 303 3542 mus:
344 3485 369 3560 ι)
395 3481 539 3543 Suaniam
561 3483 651 3545 fuisse
671 3485 859 3566 provinciam
880 3482 1017 3543 Colchidi
1045 3483 1204 3559 vicinam,
1235 3501 1300 3563 par·

215 3575 336 3647 temque
366 3567 488 3627 Lazices
517 3569 597 3628 circa
628 3567 816 3643 Caucasum,
846 3565 901 3627 ubi
935 3566 1079 3626 transitus
1098 3565 1302 3648 Scytharum

215 3648 245 3724 ω)
268 3650 404 3726 Suanos,
425 3651 488 3710 sive
510 3651 648 3731 Soanos,
671 3653 738 3731 (sic
760 3655 841 3713 enim
873 3649 1052 3733 quibusdam
1078 3648 1240 3724 dicuntur,
1272 3655 1300 3706 et

214 3729 322 3792 Prisco
345 3732 503 3813 Sophistae
523 3729 677 3796 Σουοὶννοι
697 3756 767 3817 pag.
784 3733 852 3814 46.)
875 3736 944 3815 iuga
968 3732 1094 3792 Caucasi
1114 3730 1301 3807 incolentes,

214 3834 279 3874 esse
299 3814 435 3888 uicinae,
459 3811 708 3898 λαφυραγωγούς
728 3811 784 3877 καὶ
805 3815 951 3895 χαλεπῶν
970 3809 1072 3895 ἔργων
1092 3810 1148 3874 καὶ
1168 3811 1300 3875 dedorim

214 3893 368 3975 dpyrirn;;
392 3899 420 3975 3)
434 3909 599 3982 atempore
608 3900 771 3961 Theodosii
781 3921 876 3981 usque
896 3898 936 3959 ad
954 3899 1064 3958 Leonis
1075 3899 1155 3979 imp.
1171 3908 1304 3979 tempora

214 3977 365 4040 Laaorum
386 4002 470 4064 reges
493 3983 602 4045 Suanis
630 3984 721 4045 duces
739 3984 947 4064 principesque
968 3980 1103 4057 dedisse3
1127 3979 1149 4060 4
1173 4002 1242 4041 cum
1253 4000 1304 4039 ne·

215 4072 283 4141 gata
313 4064 415 4126 iirisset
442 4087 589 4144 annona,
617 4090 708 4149 quam
737 4088 788 4127 rex
817 4065 1002 4127 Colchorum
1022 4064 1134 4124 Suanis
1156 4073 1304 4148 praestem

216 4141 343 4227 solebat,
366 4168 415 4208 eos
435 4148 538 4233 iniquo
553 4150 658 4213 animo
676 4149 791 4229 tulisse,
814 4161 844 4212 et
859 4149 960 4213 Persis
980 4168 1014 4210 se
1037 4159 1150 4231 sponte
1169 4144 1304 4225 ἀολλίσσας
