2774 5122
396 605 665 673 amminoni
690 606 896 673 nrsronn.
1108 581 1197 695 409

106 756 176 846 ἅμα
196 762 231 828 όν
250 768 317 843 rota
340 755 449 837 αι’ποῖς
469 764 626 847 χωρίοις,
647 760 683 830 ἕν
703 762 817 838 adroic
838 761 881 837 ὥς
901 761 999 831 είπείν
1022 742 1096 841 ταῖς
1121 762 1344 886 ἦμί-ρλῦὥγὸ

105 887 180 950 ραις
202 865 341 944 πολέμου
363 885 398 930 τε
419 859 476 926 καί
493 864 637 944 ταραχῆς
657 865 713 926 καί
724 863 867 927 σπονόοόν
881 857 1065 944 σνγχόσειος
1086 860 1199 930 αἴτιον.
1210 834 1326 963 'dllidrlr
1358 922 1359 927 ,

105 964 218 1030 τοῦτον
241 960 280 1047 δὴ
294 955 351 1029 οὖν
365 960 423 1028 τόν
436 956 580 1044 Μεβαόόη
595 961 821 1042 βουλευμάτων
834 984 870 1026 τε
885 957 1058 1046 ἡγοόμενον
1075 968 1129 1031 καί
1143 965 1203 1030 rori
1279 947 1306 1041 μ’

105 1058 222 1139 παντός
242 1059 358 1145 ἔχοντα
377 1063 471 1146 κόρος
493 1059 626 1136 όπλίσας
646 1061 812 1142 ἔξὲπεμψε·
834 1057 914 1145 πρός
934 1084 969 1144 γε
989 1061 1045 1128 καί
1064 1063 1203 1152 Σαποόην

83 1159 162 1232 ὅτόν
183 1159 396 1246 Μεαιρόνον,
418 1155 535 1246 οἷνδρός
557 1159 613 1224 οὐκ
634 1160 782 1243 ἀγεννοῦς
803 1152 1051 1244 οἷπενεγκόμενον
1070 1159 1177 1243 δόξαν.

188 1258 241 1347 ιη’.
274 1256 381 1327 Ὅτιό
407 1262 552 1344 Τιβέριος
572 1261 628 1325 καί
647 1256 753 1343 ἕτερόν
771 1283 804 1326 τι
823 1263 1019 1347 προστίθησι
1043 1265 1090 1351 τῷ
1111 1267 1201 1330 δεδο-
1213 1270 1243 1323 Δ.
1260 1268 1348 1344 0579

104 1362 227 1450 γμένην,
247 1360 304 1424 καί
323 1362 356 1435 ἐς
385 1357 424 1425 τό
454 1355 596 1440 μάλιστα
622 1362 688 1448 θεῷ
708 1362 954 1444 κεχαρισμένον,
977 1359 1113 1439 πολλοὺς
1136 1340 1333 1470 γοὶρόέἰῒὲ1

104 1463 171 1526 τῶν
203 1459 293 1547 παρὰ
322 1458 499 1540 Ῥωμαίοις
528 1454 728 1544 όοροκτήτων
762 1461 919 1543 Περσῶν,
948 1455 1090 1541 μάλιστα
1123 1463 1211 1549 rode·
1295 1456 1303 1472 ’

106 1561 142 1626 όν
173 1562 288 1644 τέλει,
328 1550 375 1625 όν
413 1556 494 1625 ἔνιοι
529 1555 584 1622 καί
618 1562 662 1646 τῷ
696 1558 848 1646 βασιλείιρ
885 1561 970 1644 γένει
1009 1565 1200 1648 ξονημμένοι

67 1651 205 1745 ιοῆσαν,
226 1656 344 1724 ἔστειλε
366 1655 497 1746 Χοσρόη
527 1657 765 1744 δωροφορήσας.
801 1652 871 1724 εἶτα
897 1659 1046 1747 πρέσβεις
1074 1661 1131 1728 ἐπί
1154 1665 1200 1754 τῷ

102 1761 212 1848 τοιῷδε
244 1760 402 1840 ἐξέπεμψε
435 1759 606 1844 Ζαχαρίαν
642 1780 676 1822 τε
706 1750 835 1841 αὖθις,
862 1755 916 1823 τόν
943 1762 1103 1842 βασιλειον
1147 1751 1200 1828 ίοιέ

102 1858 203 1946 τρὸν,
228 1854 285 1924 ἅτε
302 1857 453 1936 πολλάκις
472 1853 701 1946 χρησιμώτατοί
728 1881 764 1924 τε
783 1856 840 1923 καί
866 1859 1064 1925 είνοόστατα
1083 1864 1199 1948 ἐξυπη-

104 1954 315 2044 ριτησόμενον
334 1966 406 2034 ταῖς
428 1954 509 2024 κατὰ
531 1955 587 2026 τόν
607 1957 743 2041 πόλεμον
760 1961 872 2024 τοῦτον
891 1962 1091 2046 πρεσβείαις.
1124 1964 1199 2028 τοῦ·

103 2057 219 2143 τονόη
250 2051 308 2124 οὖν
333 2055 391 2124 τόν
410 2051 514 2144 όνδρα
534 2063 576 2147 τῇ
603 2058 751 2150 λεγομένη
772 2054 836 2123 α’πό
857 2060 1008 2150 εἰτόρχων
1027 2061 1099 2150 α’ξίρι
1127 2064 1199 2127 δια-

65 2158 272 2244 ε5κοσμὴσας
294 2159 513 2245 ἐχειροτόνησε
539 2161 596 2225 καί
620 2160 736 2244 πόλιν,
766 2156 823 2223 καί
849 2156 887 2244 δη
923 2159 1197 2243 πρεσβευσάμενον

104 2259 250 2344 ἀφῆκεν,
277 2252 330 2324 οἷα
352 2258 392 2343 δὴ
423 2265 479 2323 καί
497 2257 600 2324 αότοῦ
622 2259 793 2343 Ζαχαρίου
814 2253 873 2341 τὴν
891 2261 1064 2341 πρεσβείαν
1082 2259 1231 2347 ταύτηνΡ.
1243 2272 1289 2346 ¹⁶7

101 2361 251 2443 γενέσθαι
280 2357 535 2442 ξονοοθήσαντος·
568 2355 629 2423 σόν
656 2359 702 2447 τῷ
730 2361 788 2423 καί
820 2353 986 2442 Θεόδωρόν
1013 2382 1105 2441 τινα,
1141 2359 1198 2427 ἕνα

102 2459 167 2522 τοῖν
186 2459 357 2539 βασιλείων
376 2453 630 2542 μαχαιροφόρον
641 2507 651 2539 ,
684 2459 809 2538 α’ξιλομα
830 2455 887 2521 καί
913 2455 1002 2544 αὐτῷ
1022 2461 1200 2543 στρατηγοῦ

105 2554 269 2640 περιθείς.Ι
283 2552 388 2620 τοότα
408 2552 452 2620 τό
474 2548 570 2639 deripe
590 2556 852 2639 πρεσβεοσομίνοι
865 2554 1048 2638 ιίπονειμος
1067 2553 1200 2646 Χοσρόη

67 2656 307 2738 σοι’ξὲπεμιγεν,
330 2650 452 2742 ἔγραψέ
471 2678 507 2720 τι
527 2655 694 2732 ἐπιεικείας
712 2655 856 2722 α’νόπλεα
878 2654 1012 2743 ῥήματα.
1033 2654 1051 2722 ό
1070 2657 1106 2721 δὲ
1124 2657 1200 2734 νοῦς

108 2755 165 2837 τῆς
184 2756 359 2837 ἐπιστολῆς
379 2749 465 2838 „lyd
493 2755 549 2819 καί
574 2749 732 2837 βοόλομαι
758 2751 816 2840 την
845 2754 971 2841 εἰρήνην
1001 2753 1057 2820 καί
1076 2753 1131 2822 tut
1162 2752 1199 2823 τό
1223 2812 1225 2817 ,

107 2855 279 2935 θεόσδοτον
296 2845 397 2919 οὖσαν
417 2853 610 2938 ἀσπάζομαι·
631 2853 687 2920 καί
706 2850 812 2941 ὥσπερ
832 2852 932 2942 φόσει
956 2857 1019 2923 τινί
1043 2851 1201 2943 προσιζόε

102 2977 152 3029 νει
177 2977 235 3037 μοι
265 2949 308 3019 τό
340 2957 396 3041 τῆς
426 2956 537 3041 φιλίοις
569 2955 672 3037 ὑμῶν.
698 2958 868 3042 τοιγαροῦν
892 2954 1024 3041 ἑτοίμοις
1051 2953 1118 3040 ἔχω
1143 2950 1202 3041 τῆς

112 3064 119 3087 ’
173 3088 368 3223 ἔτιρΜαιρορνηε
384 3107 466 3166 ειιριε
485 3092 639 3167 appellatos
665 3098 709 3145 est
731 3107 758 3163 p.
777 3094 838 3166 δερ
858 3093 876 3143 l
898 3093 923 3146 8.
1029 3106 1072 3146 aa.
1091 3099 1201 3162 προσι-

190 3176 256 3216 ιινοι
271 3177 306 3214 vu
320 3180 345 3233 g.
1197 3201 1199 3206 ,

105 3315 168 3352 ram
192 3309 289 3355 auctor
309 3307 389 3354 erret
425 3300 452 3354 is
470 3307 530 3355 erat
546 3297 678 3354 Mabodes
689 3337 699 3368 ,
723 3299 779 3354 dux
798 3306 826 3353 at
852 3305 948 3352 auctor
964 3301 1087 3352 omnium
1106 3314 1202 3353 eorum

105 3368 293 3426 consiliorum.
329 3373 423 3436 Hunc,
441 3375 490 3443 qui
510 3388 642 3424 summam
660 3375 784 3425 omniurn
804 3387 896 3422 rerum
913 3368 1029 3422 haberet
1051 3371 1203 3423 auetorita-

106 3450 181 3504 tem,
200 3458 261 3494 eum
280 3444 401 3495 exercitu
419 3443 512 3504 misit,
539 3452 568 3494 et
585 3460 639 3495 una
658 3459 718 3495 eum
740 3443 800 3511 ipro
819 3443 936 3511 Sapoem
954 3443 1112 3507 Meaerani,
1137 3440 1203 3506 riri,
1275 3489 1281 3505 ,

106 3515 158 3584 qui
176 3529 300 3581 magnam
317 3516 427 3566 virtutis
445 3513 554 3565 laudem
573 3522 776 3582 reportaverat,
794 3513 890 3566 lilium.

182 3585 220 3638 rs.
260 3584 390 3637 Tiberius
409 3583 517 3637 adltdtt
536 3583 645 3636 decreto
664 3584 740 3636 aliud
760 3583 812 3637 deo
834 3582 952 3635 maxime
970 3590 1084 3652 gratnm.
1125 3580 1202 3634 Mul-

106 3660 151 3706 tos
171 3654 244 3705 enim
264 3657 354 3707 Persas
372 3658 554 3709 Romanorum
572 3655 707 3722 captivos,
736 3657 881 3725 praecipue
906 3671 939 3706 ex
962 3656 1099 3724 primariis
1117 3652 1202 3715 virio,

130 3741 229 3776 uorum
254 3742 368 3778 numero
397 3735 475 3779 crant
499 3727 627 3779 nonnulli
653 3743 687 3778 ex
715 3726 791 3795 regio
818 3742 917 3794 genere
943 3727 1006 3789 orti,
1025 3724 1098 3777 dono
1122 3720 1203 3775 dedit

107 3743 234 3846 ἓλιοιιοῑ.
273 3796 379 3851 Deinde
401 3797 505 3866 legatos
522 3797 556 3849 ad
574 3796 641 3848 haee
658 3797 743 3858 misit,
760 3799 833 3849 inter
851 3814 897 3849 eoa
916 3796 1071 3848 Zachariam
1091 3794 1202 3855 iterum,

107 3866 213 3932 regium
233 3866 377 3918 medicum.
414 3867 466 3918 llic
502 3869 573 3920 lures
592 3875 619 3920 et
643 3866 790 3919 admodum
814 3866 994 3921 Romanorum
1013 3866 1095 3918 rebus
1118 3863 1202 3914 utiles

104 3932 259 4004 legationes
278 3940 308 3990 in
337 3937 389 3988 hoa
415 3937 491 3993 belo
518 3940 628 3990 iecerat
675 3938 773 4009 ltaque
797 3953 859 3990 eum
882 3937 916 3991 ad
941 3937 1012 3988 hano
1033 3932 1201 4005 legationem

104 4005 259 4073 Imperator
279 4008 378 4077 elegit,
405 4016 433 4059 et
451 4009 583 4077 dignitate
605 4011 758 4061 exconsulis
782 4016 908 4061 ornatum
932 4009 966 4060 ad
990 4006 1067 4059 illam
1091 4001 1201 4056 obeun-

75 4138 79 4143 .
105 4073 169 4126 dam
189 4076 314 4141 dimisit,
340 4079 414 4150 quod
434 4089 462 4132 et
481 4082 541 4148 ipse
559 4078 700 4131 Zacharias
719 4079 822 4149 legatos
840 4078 990 4139 mittendos
1012 4092 1087 4137 ease,
1112 4075 1203 4141 inpri-

103 4147 157 4198 mis
175 4146 371 4209 admonuerat,
393 4166 576 4220 unaquoque
596 4149 773 4202 Theodorum
800 4149 939 4220 quendam
966 4165 1000 4200 ex
1025 4144 1201 4215 Imperatoris

104 4218 291 4284 satellitibus,
316 4237 397 4289 quem
417 4219 452 4270 ad
471 4220 546 4271 ducis
568 4218 728 4288 dignitatem
750 4221 859 4272 extulit.
896 4220 951 4289 llos
970 4218 1055 4286 igitur
1072 4215 1142 4267 dnos
1161 4215 1205 4267 vi-

105 4304 166 4349 ror,
187 4290 288 4357 quibus
308 4288 377 4341 hanc
394 4292 559 4359 legationem
578 4290 715 4354 attribuit,
733 4291 767 4342 ad
786 4290 943 4342 Choesro'en
961 4288 1051 4350 misit,
1071 4284 1105 4338 ad
1120 4301 1204 4355 quem

104 4374 218 4430 qnoque
237 4362 344 4413 litteras
358 4360 539 4416 humanitatis
557 4360 653 4429 plenas
671 4362 789 4430 scripsit.
807 4360 950 4412 Sententia
970 4357 1052 4410 huius
1067 4356 1203 4427 epistolas

103 4427 174 4481 haee
192 4430 249 4483 iere
269 4438 345 4485 erat:
367 4432 441 4498 „Ego
459 4447 554 4499 pacem
573 4440 655 4502 opto,
673 4440 702 4485 et
721 4449 737 4483 a
755 4430 807 4481 deo
827 4429 918 4481 datam
936 4427 996 4483 colo
1016 4435 1045 4482 et
1062 4438 1203 4500 tamquam

104 4500 225 4555 naturali
245 4501 366 4574 quodam
386 4502 519 4567 instinctu
531 4500 578 4577 'ad
595 4512 712 4558 vestram
729 4501 879 4556 amicitiam
905 4501 987 4571 seror·
1028 4500 1125 4575 ltaque
1147 4514 1200 4573 pa·
