2738 5228
245 201 327 318 592
512 228 681 296 nauum
710 229 850 296 aarum
879 229 1016 296 uonna

374 385 421 448 lit
439 384 520 448 uelut
541 389 663 470 ι’ςιισηκσ
670 388 766 466 salsis
784 389 946 449 notioribus
965 388 1057 448 arides

369 469 461 530 Vana
482 471 566 612 lopati
574 515 584 544 ,
607 473 740 555 turpique
760 472 830 531 doto
848 493 928 532 nova
946 474 1061 531 sontnio
1072 469 1169 555 finges
1182 477 1245 531 etc.

244 553 401 631 Quantum
420 554 493 614 vero
528 574 652 613 amnum
677 556 830 616 Romanae
850 557 895 615 rei
914 549 1053 635 publicae
1074 552 1215 615 intulerit
1235 569 1326 632 repu-

243 637 325 697 dia‘ta
338 637 475 719 Abacum
495 639 641 715 amicitia,
663 636 773 698 docent
795 649 860 698 tum
878 640 968 697 ceteri
990 632 1072 698 illius
1088 637 1236 718 temporis
1254 639 1327 695 scri·

242 731 363 802 ptores,
393 730 458 779 tum
483 720 610 781 loannes
631 741 664 780 ex
680 720 857 793 Biclariensi
883 720 1004 780 Abbate
1029 721 1238 781 Gerundensis
1251 719 1327 799 Epi·

242 802 1326 969 iiipiiatiii'iiiil”iimil‘r’aisfiiiii¹’.iiliiisniffmaqiif

136 969 164 1022 P.
186 981 390 1045 simocatta,
421 969 573 1032 Chronico
598 970 821 1043 Alexandrino,
844 981 974 1051 utroque
994 970 1192 1052 Nicephoro‚
1222 966 1323 1028 Theo-

241 1052 365 1135 phane,
389 1051 514 1134 aliisque
533 1053 582 1111 vix
604 1056 733 1134 cuipiam
757 1058 858 1135 ignota
875 1075 938 1114 esse
952 1053 1095 1115 arbitror.

323 1136 402 1216 Pag.
415 1136 518 1195 nmA.
533 1133 622 1217 [484
639 1134 700 1217 13.]
733 1136 914 1215 Bontlryettm
930 1139 1072 1217 originem
1095 1137 1183 1197 ltomo
1201 1133 1322 1220 quidum

241 1219 338 1279 Persa
357 1218 520 1278 Iustiniana
535 1221 575 1278 im
598 1233 696 1279 erante
709 1219 961 1303 Constantinopoli
980 1219 1113 1280 ostendit.
1157 1217 1321 1298 Procopius

241 1300 442 1361 Caesariensis
464 1241 618 1362 monacbis
683 1302 819 1362 ibusdam
844 1323 877 1362 ex
894 1303 980 1363 ludia
1000 1302 1144 1383 profectis
1167 1304 1321 1361 inventum

242 1381 301 1444 hoc
327 1385 434 1444 tribuit
454 1384 508 1445 lib.
535 1382 566 1465 4.
588 1385 625 1444 de
639 1323 728 1445 billa
738 1385 867 1445 Gothico
885 1387 1002 1468 paginis
1024 1384 1092 1463 545.
1111 1395 1143 1445 et
1163 1382 1252 1462 346„
1271 1383 1319 1442 ubi

240 1477 330 1527 vocat
358 1463 519 1547 σκώληκας
537 1465 593 1546 τῆς
614 1464 750 1548 nardino
771 1463 1005 1549 δημιουργούς,
1026 1468 1083 1547 τῆς
1112 1459 1245 1547 φύσεως
1265 1455 1320 1526 ni·

240 1554 305 1619 τοῖς
328 1546 518 1611 διδασκάλου
540 1569 575 1608 τε
596 1537 705 1630 οὔσης,
736 1551 792 1612 καί
811 1551 959 1631 διηνεκῶς
976 1543 1213 1628 ἀναγκαζούσης
1235 1540 1318 1628 ἔργά·

242 1629 366 1705 Credat.
413 1633 460 1694 De
485 1632 684 1715 bombycibus
705 1656 799 1716 pauca
828 1633 992 1694 admodum
1010 1632 1259 1716 Theophylactus
1276 1632 1318 1690 Si·

239 1725 373 1775 mocatta
387 1735 453 1796 cap.
467 1738 499 1800 9.
516 1714 570 1775 lib.
593 1738 620 1800 7.
639 1738 669 1797 p.
689 1738 754 1800 ¹77·
775 1721 872 1799 regiae
893 1717 985 1776 edin:
1009 1718 1040 1776 in
1067 1717 1227 1796 Excerptis
1244 1712 1317 1796 apud

241 1796 387 1858 Photium
406 1799 476 1858 eod.
490 1797 540 1860 65.
553 1799 696 1859 dicuntur
714 1797 868 1879 σκώληκες
889 1798 1038 1870 τίκτοκτες
1053 1793 1112 1877 τὴν
1128 1797 1253 1878 ἐσθῆτα
1268 1793 1318 1875 τὴν

238 1875 495 1962 §sustineam
513 1882 676 1943 simocatta
701 1885 866 1965 scripsisset
883 1881 915 1956 ε”ξ
936 1869 981 1943 ὧν
1007 1874 1046 1941 ui
1073 1874 1217 1962 Σηρώων
1238 1883 1317 1957 (forte

158 1984 162 1999 t
240 1961 354 2043 Σηρῶν
371 1999 412 2009 -
427 1965 598 2046 ΣηρικῶνΡ
622 1966 662 2025 Ν.
686 2001 726 2011 -
749 1966 965 2047 reponendum)
986 1963 1160 2044 καθέστηκε
1184 1960 1316 2039 νάματα,

239 2068 319 2128 quae
332 2069 387 2130 pto
408 2069 493 2109 more
515 2048 644 2130 sublegit
664 2070 734 2109 cum
749 2049 815 2110 aliis
834 2048 983 2130 plerisque
1000 2046 1194 2128 Nicephorus
1210 2045 1317 2106 Callisti

239 2128 262 2190 l.
280 2130 327 2192 18.
352 2131 502 2192 Historiae
516 2131 740 2193 Ecclesiasticus
751 2155 816 2214 cap.
825 2135 874 2194 30.
895 2132 941 2191 De
962 2130 1009 2190 bis
1028 2130 1182 2191 videndus
1203 2131 1317 2191 omnino

239 2213 348 2274 Suidas
369 2216 401 2275 iu
422 2216 495 2275 dict.
516 2213 615 2294 Σῆρες
642 2226 673 2276 et
695 2208 823 2296 Σησικὴ.
865 2215 929 2274 Nec
949 2213 1134 2274 omittendus
1156 2212 1318 2273 Menander

238 2295 400 2378 Protector
429 2320 498 2380 pag.
526 2298 593 2359 106.
614 2299 686 2358 edit.
719 2300 835 2380 regiae,
865 2297 919 2357 ubi
946 2295 1145 2357 Cantoclams
1175 2297 1318 2377 Interpret

238 2378 352 2463 ubique
374 2383 466 2441 vertit
480 2403 666 2465 purpuram,
695 2402 765 2441 cum
783 2380 902 2458 μέταξα
922 2380 1064 2452 sericum,
1099 2400 1154 2439 seu
1175 2380 1316 2457 bomlsrci·

237 2484 307 2524 num
327 2484 462 2545 pannum
483 2485 517 2524 ex
552 2462 609 2524 filis
629 2464 816 2524 tenuioribus
844 2463 1012 2544 depexnm,
1041 2472 1096 2522 aut
1113 2474 1220 2535 certe,
1243 2459 1316 2544 quod

237 2545 289 2605 alii
312 2545 447 2625 malunt,
468 2549 597 2607 sericum
617 2548 766 2620 crudum,
790 2546 919 2607 necdum
933 2547 1047 2623 lotum,
1067 2566 1171 2626 neque
1182 2548 1315 2619 tinctum,

237 2629 291 2689 sed
311 2628 469 2710 otitbpvic
489 2629 658 2712 significet,
680 2628 728 2691 vel
750 2632 820 2712 ipsis
839 2629 931 2690 Suida
952 2651 1021 2689 mox
1041 2629 1134 2688 citato
1156 2641 1250 2711 atque
1262 2628 1316 2689 He·

236 2711 341 2795 rychio
362 2713 499 2790 testibus,
522 2723 556 2773 ut
575 2714 677 2796 plures
697 2720 760 2773 non
781 2734 951 2795 congeram.
991 2711 1084 2790 Quod
1100 2713 1221 2794 insigne
1232 2715 1316 2772 into

235 2798 411 2879 pretatiouis
427 2796 594 2874 mendum,
616 2797 793 2880 plusquam
815 2796 975 2857 duodecies
995 2797 1075 2854 intra
1100 2794 1182 2855 duas
1201 2798 1315 2879 paginas

235 2881 396 2962 repetitum
412 2926 431 2954 ‚.
455 2884 551 2941 miror
570 2882 645 2941 viris
664 2880 759 2940 doctis
779 2880 902 2940 minime
923 2878 1181 2938 animadversum.
1225 2881 1314 2940 Tanta

233 2984 328 3044 porro
349 2963 388 3024 ab
407 2986 443 3025 eo
462 2975 597 3046 tempore
618 2964 782 3024 sericorum
795 2983 965 3045 pannorum
979 2962 1064 3042 copia
1087 2961 1118 3020 in
1142 2960 1221 3021 urbe
1241 2962 1313 3043 regin

234 3048 356 3123 extitit,
391 3058 425 3107 ut
446 3046 537 3128 paulo
555 3057 623 3130 post
643 3047 791 3127 Corippus
814 3046 976 3106 Africanus
997 3046 1228 3105 Grammaticus
1248 3044 1269 3104 i.
1286 3041 1313 3120 l.

234 3126 273 3188 de
293 3127 433 3190 laudibus
454 3132 560 3191 lustini
583 3132 797 3211 Imperatoris,
821 3128 979 3190 Iustiniani
999 3128 1119 3210 nepotis
1143 3149 1181 3190 ac
1202 3146 1312 3190 succet-

233 3213 330 3293 soris,
352 3234 458 3273 canere
479 3235 549 3275 vere
572 3215 724 3296 potuerit:
1019 3228 1020 3231 ’

355 3295 477 3361 Interea
494 3297 621 3381 populus
648 3310 722 3357 totas
747 3296 946 3380 compleuerat
960 3291 1065 3367 aedes,

261 3396 264 3405 ’
359 3379 491 3439 Ornatas
507 3382 594 3439 nexis
608 3378 729 3439 diversa
744 3401 786 3440 ex
798 3379 918 3459 fronde
930 3380 1066 3451 coronis,

354 3462 458 3522 Serica
474 3484 534 3546 per
545 3475 661 3522 ctuwtas
678 3462 846 3547 pendebant
857 3463 926 3521 vela
945 3462 1116 3536 columnas,

356 3545 473 3631 Perque
490 3567 576 3606 arnus
592 3548 727 3630 vicosque
746 3567 845 3607 omnes
862 3545 979 3605 astabat
992 3558 1117 3629 utraque

355 3628 449 3690 Parte
456 3631 572 3708 fatens
588 3631 713 3710 vulgum,
750 3630 901 3713 almosque
928 3628 1065 3712 simisque

312 3714 391 3794 Pag.
405 3734 456 3774 aa.
472 3715 506 3772 B.
517 3710 605 3795 [48ss
628 3711 694 3795 aa]
743 3713 922 3795 plttlialanus
938 3713 1035 3784 enim,
1100 3714 1312 3795 plitlralztam

229 3818 305 3872 rest,
329 3819 351 3856 σ
373 3798 675 3882 quoappellationem
689 3799 855 3872 universum
871 3816 960 3875 genus
974 3796 1081 3855 traxit.
1126 3795 1310 3874 Quibusdam

229 3902 301 3963 ergo
321 3879 476 3979 codicibus
496 3877 809 3961 corrupteydttuntur,
839 3876 974 3938 litterula
995 3877 1121 3955 addita,
1142 3877 1312 3964 Nepkoialt'·

228 3975 303 4130 iij.
316 3961 1084 4129 ‘lt{tltttgttsstlttttltttittttttt
1094 3961 1312 4129 iiiiii

228 4154 299 4218 pag.
324 4133 392 4218 ¹74·
416 4132 556 4209 editionis
576 4128 699 4212 regiae:
736 4129 818 4189 unde
839 4128 948 4210 etiam,
975 4149 1039 4190 nou
1060 4151 1151 4191 secus
1170 4139 1261 4213 atque
1277 4145 1308 4186 ex

1240 4426 1254 4465 t
