2716 5078
197 264 256 327 'XX
558 197 570 226 ἱ
607 264 660 326 DE
688 262 878 328 EUNAPIO.

196 418 276 481 ἐστί
293 415 364 503 (τός
388 415 450 503 γάρ
479 414 513 480 έν
540 416 650 504 Λυδίη
672 412 807 499 Σάρδεις
826 413 901 499 ἔσχε
920 416 1086 501 πατρίδα).
1127 412 1286 497 δυσσεβὴς

203 519 248 580 δέ’
260 514 316 600 τὴν
334 518 507 600 θρησκείαν
526 509 572 580 τόν
594 513 648 601 (τά
663 514 817 598 Ἑλλήνων
837 513 899 600 γάρ
930 518 1038 597 ἐτίμα)
1059 510 1133 589 τοιὶς
1152 515 1213 594 μέν
1233 515 1288 575 τιν’-

204 617 313 702 σεβείηι
336 612 393 680 τόν
424 615 587 695 βασιλειάν
617 611 837 696 κοσμήσαντας
857 614 952 678 παντὶ
969 608 1074 700 τρόπῳ
1096 611 1151 675 καὶ
1170 611 1285 695 άνέδην

204 711 339 790 κακίζων
361 713 525 797 διασύρει,
548 710 605 776 καί
623 709 762 793 μάλιστά
781 711 889 796 γετὸν
910 714 1009 795 μέγαν
1029 714 1290 791 Κωνσταντῖνον,

206 814 324 896 ἐξαίρει
354 814 390 877 δέ
417 811 492 889 τοός
513 813 690 893 δυσσεβεῖς,
717 810 852 876 καὶτῶν
876 803 980 877 ἄλλων
999 810 1092 875 πλέον
1118 808 1289 874 Ἰουλιανόν

207 908 265 975 τόν
286 909 491 996 παραβάτην,
517 910 574 976 καὶ
591 911 707 993 σχεδόν
726 935 759 975 τι
778 909 813 975 τό
836 915 891 995 τῆς
914 909 1054 994 ἱστορίας
1075 909 1162 996 αὐτῷ
1184 908 1229 984 εἱς
1250 903 1288 971 τό

209 1009 327 1075 ἐκείνου
347 1008 501 1094 ἐγκώμιον
519 999 670 1076 συντεθέν
688 1008 872 1095 ἐξεπονηθη.
903 1007 969 1075 ἐστι
989 1011 1025 1073 δὲ
1044 1003 1213 1090 καλλιεπὴς
1232 1005 1291 1090 τήν

210 1105 345 1194 φράσιν,
366 1109 397 1173 εἰ
415 1111 552 1193 περιέλοι
568 1125 621 1184 ’τις
641 1107 727 1196 αιἰτηὶ
745 1111 807 1174 τοῖν
827 1110 927 1192 λόγων
946 1105 982 1173 τό
1004 1107 1292 1190 α’λεκτρυονοό-

210 1209 278 1283 δες
295 1210 350 1274 καί
370 1209 741 1294 έλαφωδέστερον,
762 1209 818 1272 καί
836 1209 1145 1290 συιοδέστερον,
1165 1203 1220 1270 καὶ
1239 1206 1292 1268 δέ-

210 1331 250 1370 κα
268 1307 305 1391 (l.
325 1303 381 1370 καὶ
401 1303 441 1390 δη
461 1305 518 1369 καί
536 1310 587 1392 N.)
615 1303 691 1381 τοός
723 1302 995 1391 ἱερακιόδεις,
1026 1308 1082 1370 καί
1107 1300 1294 1388 κορακοό·

211 1407 314 1486 διες,
335 1402 390 1469 καί
407 1402 670 1488 πιθηκοάδεις,
693 1405 748 1471 καὶ
766 1403 802 1470 τό
824 1406 1073 1486 ποταμῶδες
1093 1402 1294 1488 δάκρυον,

212 1503 267 1568 καί
284 1502 323 1568 τά
344 1498 591 1585 όμοια·τοάτοις
609 1501 671 1588 γάρ
689 1504 745 1572 καί
761 1503 818 1588 τὴν
838 1497 937 1588 ἄλλην
953 1506 1016 1570 τοῖν
1030 1500 1192 1584 ὀνομάτων
1203 1524 1296 1584 περι-

212 1606 398 1685 λυμαίνεται
425 1605 481 1667 καί
509 1599 689 1668 διανοθεάει
719 1596 884 1686 εάγένειαν.
926 1604 981 1667 καὶ
1006 1608 1136 1686 τροπαῖς
1164 1602 1225 1682 μὲν
1244 1601 1299 1664 κέ·

212 1726 331 1786 χρηται
362 1699 572 1787 παραβόλως,
602 1697 676 1787 όπερ
706 1695 798 1785 ότῆς
820 1699 960 1784 ἱστορίας
981 1697 1039 1764 οάκ
1059 1703 1163 1766 ἐθέλει
1181 1698 1296 1780 νόμος,

213 1795 399 1887 ἀφαιρεῖται
430 1803 466 1865 δέ
495 1799 531 1865 τό
562 1803 683 1865 λυποῦν
712 1800 731 1885 ἦ
760 1802 816 1884 τῆς
843 1803 953 1878 λέξεως
973 1797 1111 1886 ἔμφασις
1130 1797 1170 1862 τά
1192 1794 1296 1874 πολλά

211 1902 269 1966 καὶ
296 1896 469 1984 α’στειότης.
507 1903 547 1988 τῇ
567 1897 708 1988 συνθήκη
739 1901 775 1963 δὲ
795 1903 851 1964 καί
867 1903 911 1987 τῷ
930 1906 1033 1984 σαφεῖ
1048 1896 1127 1982 πρός
1152 1894 1298 1980 ἱστορίοιν

214 1996 270 2063 καί
280 2005 348 2073 ταῖς
362 1994 520 2080 περιόδοις
540 2001 727 2081 συμμέτρως
746 1995 803 2062 καὶ
821 1998 940 2074 οἰκείως
960 1997 1043 2080 ἔχει·
1064 1992 1145 2082 πλην
1165 1997 1300 2076 ἐνιαχαῦ

215 2093 455 2182 δικανικώτερον
473 2099 593 2177 μᾶλλον
613 2089 634 2181 ἢ
654 2091 888 2181 ἱστορικάτερον
905 2105 1019 2176 μεστοῖ
1040 2104 1099 2162 καῖ
1113 2090 1300 2179 περιβάλλει

211 2195 390 2278 τὸνλόγον.
430 2196 606 2281 νεωτερίζει
634 2196 661 2260 δ’
683 2190 740 2259 οὐκ
761 2193 851 2278 όλίγα
872 2196 927 2260 καί
945 2194 1019 2280 περὶ
1047 2192 1105 2269 τὰς
1124 2190 1299 2273 συντάξεις,

216 2296 298 2378 πλὴν
322 2295 379 2357 οάκ
414 2296 460 2369 εἰς
486 2290 521 2358 τό
555 2286 678 2378 άχαρι,
707 2295 776 2358 οόδ’
797 2296 842 2368 εἰς
866 2291 900 2358 τό
923 2303 991 2375 ταῖς
1016 2289 1167 2376 μεθόδοις
1197 2288 1301 2377 λαβήν

217 2395 393 2457 ἐπιδοῦναι.

299 2489 366 2557 Δάο
380 2491 417 2555 δὲ
429 2491 647 2574 πραγματείας
663 2491 722 2576 τὴν
747 2485 846 2577 αάτην
858 2489 1068 2578 περιεχούσας
1079 2491 1222 2577 ἱστορίαν
1241 2515 1300 2556 συ·

216 2587 409 2674 νεγράψατο,
430 2585 556 2674 πριότην
576 2588 632 2655 καὶ
651 2592 885 2676 δευτέραν.καὶ
904 2596 938 2658 ἐν
956 2595 1015 2674 μέν
1037 2597 1078 2680 τῇ
1096 2589 1202 2678 πρώτη
1224 2595 1300 2654 πυλ-

217 2685 276 2772 λην
295 2687 375 2752 κατά
399 2692 454 2771 τῆς
474 2692 618 2773 καθαράς
638 2685 728 2772 ἡμῶν
748 2694 810 2754 τῶν
826 2695 1031 2776 Χριστιανῶν
1051 2689 1182 2765 πίστεως
1203 2714 1302 2754 κατα-

218 2786 341 2871 σπείρει
360 2790 577 2872 βλασφημίαν,
598 2791 654 2852 καί
671 2785 729 2871 την
742 2783 905 2873 ἑλληνικην
924 2791 1132 2869 άποσεμνόνει
1146 2791 1302 2853 δεισιδαι-

218 2890 343 2969 μονίαν,
356 2884 456 2953 πολλά
470 2888 533 2951 τεόν
552 2882 692 2970 εόσεβῶν
714 2892 869 2970 βασιλέων
888 2885 1141 2970 καθαπτόμενος·
1161 2889 1196 2951 ἐν
1211 2890 1247 2952 δὲ
1262 2889 1303 2974 τῇ

220 2988 369 3074 δευτέρη,
403 2981 441 3070 ἢν
460 2984 515 3049 καὶ
533 2987 621 3052 νέαν
640 2984 795 3053 ἔκδοσιν
815 2985 999 3072 ἐπιγράφει,
1026 2983 1085 3069 τήν
1103 2988 1162 3067 μὲν
1183 2983 1303 3070 πολλήν

218 3079 314 3168 άβριν
345 3086 400 3148 καί
426 3083 613 3168 άσέλγειαν,
645 3083 685 3171 ἢν
719 3084 798 3151 κατά
833 3090 890 3168 τῆς
919 3087 1080 3167 εάσεβείας
1112 3086 1303 3165 ἐσκέδαζεν,

218 3181 436 3264 ὑποτέμνεται,
471 3181 508 3247 τό
540 3186 575 3248 δὲ
596 3183 706 3250 λοιπόν
726 3188 785 3270 τῆς
804 3188 990 3271 συγγραφῆς
1011 3186 1104 3265 σῶμα
1133 3185 1302 3266 σονείρας,

220 3282 294 3345 νέαν
314 3278 461 3361 ἔκδοσιν,
491 3277 533 3357 οἱς
553 3279 689 3368 ἔφημεν,
721 3282 905 3369 ἐπιγράφει,
939 3282 986 3348 ἔτι
1007 3279 1105 3347 πολλά
1126 3283 1183 3365 τῆς
1203 3283 1305 3346 ἐκεῖσε

220 3377 339 3462 λάσσης
359 3379 609 3465 δποφαίνουσαν.
651 3377 772 3469 άμφοϊυ
802 3385 836 3447 δὲ
862 3391 931 3457 ταῖς
951 3377 1112 3447 ἐκδόσεσιν
1132 3381 1166 3443 ἐν
1186 3386 1305 3444 παλαι-

222 3487 267 3553 οἴς
296 3474 486 3561 ἑνετάχομεν
516 3483 672 3563 βιβλίοις,
707 3484 796 3556 ἰδίως
830 3479 982 3566 ἑκατέραν
1008 3482 1042 3545 ἐν
1072 3474 1166 3566 ἑτέρῳ
1195 3477 1307 3560 τετάχει

221 3575 277 3641 καί
303 3573 398 3665 ἑτέρῳ
431 3583 697 3666 συντεταγμένην·
731 3583 764 3659 ἐξ
790 3571 836 3645 άν
863 3575 967 3645 αάτοῖν
989 3575 1121 3662 κοίτην
1142 3573 1305 3662 διαφοράν

221 3671 445 3758 όναλεξάμενοι
466 3676 610 3761 ἔγνωμεν.
632 3683 801 3762 συμβαίνει
821 3673 877 3744 οάν
897 3681 932 3744 ἐν
952 3681 991 3766 τῇ
1011 3681 1064 3765 νέᾳ
1085 3671 1206 3741 ἐκδόσει
1228 3681 1307 3739 πολ·
1341 3683 1343 3687 ’

222 3773 261 3839 λά
284 3778 347 3842 τεόν
364 3778 493 3858 χοιρίων
514 3775 568 3841 διά
589 3777 647 3854 τάς
666 3781 870 3863 γεγενημένας
905 3781 969 3846 τῶν
996 3773 1101 3862 ῥητῶν
1133 3771 1308 3858 περικοπάς

224 3874 356 3960 αόαφῶς
375 3877 554 3957 ἐκκεῖσθαι,
578 3880 680 3941 καίτοι
702 3876 883 3964 φροντιστής
905 3878 971 3941 ἐστι
989 3879 1046 3941 τοῦ
1065 3876 1213 3959 σαφοῦς·
1235 3866 1308 3936 άλλ’

224 3969 285 4059 ὅτῳ
306 3970 408 4060 τρόπῳ
430 3977 528 4057 λέγειν
557 3979 613 4038 οάκ
633 3973 718 4057 ἔγω,
750 3977 794 4060 μη
823 3977 926 4051 καλῶς
954 3973 1033 4039 κατά
1057 3971 1112 4049 τάς
1131 3970 1309 4059 περικοποὶς

223 4066 368 4154 ἁρμόσας
386 4070 459 4147 τοός
480 4069 592 4156 λόγους
611 4071 645 4137 ἐν
665 4079 705 4161 τῇ
724 4076 856 4161 δευτέρη
876 4075 1000 4140 ἐκδόσει
1019 4073 1075 4139 τόν
1094 4076 1170 4138 νοιῒν
1191 4075 1309 4155 λυμαί·

222 4190 307 4234 νεται
326 4170 388 4234 τῶν
408 4171 711 4260 οἰναγινωσκομένων.
751 4176 786 4239 ἐν
806 4166 852 4250 οἷς
871 4172 928 4240 καὶ
944 4172 981 4239 τό
1001 4176 1100 4250 τέλος.
