2774 5106
269 225 354 311 316
658 260 660 263 ·
712 249 921 316 memma
997 313 1000 316 ,

124 410 254 481 A.·C.571
267 424 336 486 σοι,
358 410 490 471 καθελεῖ
510 428 545 470 τε
576 399 725 490 Χοσρόην
750 404 805 469 καί
838 402 933 480 αότός
962 408 1096 488 βασιλδα
1124 401 1346 490 χειροτδνήσοι

267 508 428 593 Πέρσαις.
470 499 552 569 οότω
572 506 675 568 τοίνυν
694 502 850 588 ὑπερόρια
873 500 969 568 εἰπόν
992 502 1346 588 όπέπεμψιΣεβόχθην.

130 629 259 701 Α,ρ,5,ς
350 601 410 669 κα’.
440 597 518 670 Ὅτι·
540 603 611 670 ἐπεί
628 606 790 680 'locotione
809 600 867 679 τός
887 606 1004 689 φρένας
1026 600 1188 690 παρεκόπη
1210 603 1267 669 καί
1291 609 1345 669 Τι-

171 704 367 790 Ῑξῑόθβέριον
387 705 552 782 ἀνεδέξατο
572 705 700 769 διοικεῖν
728 706 786 788 τῆς
804 705 963 780 πολιτείας
981 700 1022 767 τό
1041 699 1229 788 πράγματα,
1251 704 1287 768 ἐν
1307 696 1345 766 ἆ-

118 772 346 899 Μῗίζήὲπόριρ
366 796 449 889 ήσαν
468 801 565 880 αότός
587 826 623 867 τε
641 806 786 890 Τιβέριος
798 806 852 868 καί
873 802 892 886 ’i
908 806 1034 886 tinctile
1048 804 1152 889 Σοφία
1172 799 1259 877 ὅπως
1280 802 1362 874 ‹issi-5

180 914 211 968 V.
223 906 368 986 79Possro
389 902 428 967 roi
449 903 512 967 τῶν
533 902 694 983 πολέμων.
748 899 829 966 οἷλλό
849 898 910 986 γόρ
931 897 1024 967 ἔλυσε
1043 899 1078 968 τό
1110 895 1229 987 ἄπορον
1253 902 1345 987 σφῶν

263 999 413 1083 βασιλεῦς
442 998 460 1067 ό
481 1004 618 1084 Περσῶν
645 999 690 1076 aie
709 997 765 1066 τόν
782 999 954 1083 Ῥωμαίων
982 997 1199 1088 αἰτοκρότορα
1219 1001 1344 1077 στειλος

258 1094 423 1184 Ἰάκωβον,
453 1097 491 1176 ός
507 1100 549 1166 τό
567 1097 714 1186 Περσικό
734 1095 863 1186 ῥήματα
883 1103 924 1188 τῇ
945 1100 1100 1185 Ἑλληνίδι
1121 1102 1210 1187 φωνῇ
1231 1101 1345 1164 διασα-

236 1202 407 1286 ῦῳηνίςειν
431 1199 603 1284 ἠπίστατο,
625 1199 800 1285 συννοήσας
826 1198 905 1287 γόρ,
928 1198 971 1276 σός
994 1204 1040 1277 εἰς
1059 1199 1192 1283 ἔσχατον
1212 1204 1272 1264 νῦν
1293 1200 1344 1262 ἐλ·

262 1302 354 1375 πίδος
380 1297 411 1363 οἰ
440 1298 596 1381 Ῥωμαῖοι
630 1296 914 1386 κατολισθήσαιτες
943 1295 1073 1385 ήδιστον
1099 1301 1159 1382 μὲν
1178 1293 1218 1363 όν
1239 1295 1380 1380 ἔχοιενιο

262 1397 318 1461 ἐπί
342 1405 412 1472 ταῖς
434 1395 577 1464 οἰαισοόν
598 1396 769 1484 ξονδήκαις
791 1401 942 1480 διαλῦσαι
960 1397 1015 1465 τόν
1032 1398 1190 1480 πόλεμον,
1220 1392 1260 1460 uri
1281 1393 1344 1480 μήν

261 1490 429 1582 θαρρῆσαι
442 1497 611 1582 πρεσβείαν
622 1497 693 1565 τινα
708 1505 832 1564 στεῖλαι
846 1496 901 1563 διό
913 1496 949 1563 τό
972 1498 1029 1563 oda
1049 1497 1255 1583 εόπρόσοιπον
1265 1491 1345 1561 εἶναι

261 1592 318 1660 ’τόν
339 1595 516 1680 ἀρξάμενον
536 1602 673 1679 πολέμου
701 1592 908 1683 ἀπάρξασθαι
927 1600 983 1664 καί
998 1598 1150 1673 ἱκετείας·
1192 1592 1345 1680 προτερή-

261 1718 322 1770 σας
350 1690 406 1760 osio
439 1694 617 1782 όΠερσιόν
642 1695 794 1781 βασιλεός
821 1695 877 1782 τήν
909 1691 1063 1782 αἰσχόνην
1083 1700 1272 1781 προανεῖλε,
1292 1689 1347 1758 καί

259 1795 303 1881 τῷ
331 1795 542 1880 κατεπτηχότι
568 1796 625 1880 τής
654 1793 779 1880 γνώμης
800 1795 906 1861 αότιόν
933 1798 1079 1880 ἐπενόησε
1098 1792 1281 1880 πρόφασιν,
1302 1791 1378 1868 sieri

261 1888 302 1957 όν
331 1890 457 1958 ἔλθοιεν
486 1897 521 1970 ἐς
550 1892 663 1978 λόγους
690 1890 887 1979 αἰτησόμενοι
914 1897 986 1976 μεθ’
1015 1892 1171 1979 ἱκετηρίας
1198 1888 1342 1978 εἰρήνην.

228 1995 381 2058 uastitas
407 1995 513 2059 τοίνυν
534 1988 700 2077 Ἰάκωβον,
728 1989 857 2076 ἄμεινόν
874 2018 942 2069 πως
960 1994 1219 2076 βουλευσόμενος,
1239 1992 1284 2067 σός
1302 1985 1340 2053 mi

163 2087 384 2158 'tuomum
403 2086 445 2158 ιίν
462 2095 681 2179 εδκλεὲστεραν
700 2097 831 2179 Πέρσαι
860 2092 917 2159 τόν
942 2091 1023 2179 πρός
1039 2089 1223 2174 Ῥωμαίους
1245 2085 1343 2155 κατό-

254 2195 364 2254 θοιντο
385 2192 538 2274 πόλεμον·
578 2196 718 2259 τοσαῦτα
738 2189 798 2277 γόρ
820 2190 969 2257 ἐνδώσειν
1002 2187 1196 2273 Ῥαμαίους,
1219 2183 1283 2253 όσα
1303 2182 1342 2250 atr

254 2287 431 2374 θελήσασι
461 2295 592 2377 Πέρσαι
619 2287 728 2357 aizal.
779 2291 800 2376 ἦ
831 2293 867 2357 δὲ
895 2296 1043 2357 σταλεῖσα
1072 2287 1150 2374 πρὸς
1177 2288 1281 2352 adseri
1301 2285 1380 2362 rim

249 2386 419 2454 Ἰοοστῖνον
435 2389 585 2475 ἐπιστολή
605 2384 677 2456 οὔτε
696 2393 753 2474 τής
772 2391 895 2474 ἡλικίας
915 2383 955 2473 ήν
970 2392 1035 2455 τοῦ
1055 2391 1194 2475 Περσῶν
1213 2390 1341 2470 βασιλέ-

322 2489 387 2541 Pust
407 2491 501 2560 fragm.
520 2511 564 2551 ao.
589 2498 744 2562 sequuntur
765 2493 794 2545 in
822 2492 894 2562 vulg.
921 2492 975 2543 duo
1000 2507 1033 2543 ex
1057 2492 1205 2544 simocatta
1235 2491 1341 2559 petita,

324 2567 353 2612 et
371 2560 471 2613 lemma
491 2563 522 2614 tx
540 2564 588 2627 τής
604 2563 626 2630 β’
645 2564 749 2628 βίβλου,
767 2561 842 2631 quod
860 2562 895 2614 ad
913 2561 1030 2615 cundem
1048 2563 1176 2631 pertinet
1249 2564 1275 2615 3.
1295 2561 1341 2610 Te·

322 2633 498 2700 βίριοςτοαί.
510 2635 539 2687 Β.
591 2633 614 2701 ή.
626 2630 787 2693 aretatem
798 2634 868 2683 coni.
879 2632 910 2682 N.
991 2652 1016 2704 9.
1033 2633 1068 2691 τίς
1086 2633 1127 2689 εἰς
1148 2631 1274 2700 ἔσχατον
1290 2630 1343 2683 νῦν

281 2734 285 2742 ·
322 2700 415 2765 Νηίδα
431 2703 553 2771 ἔσχατον
568 2702 749 2773 derusvulg.
806 2722 843 2757 ra.
862 2700 1041 2772 θαρήσειαν
1060 2704 1176 2755 coni-B.
1232 2697 1341 2756 ao.ad-

322 2774 376 2824 sori
392 2773 437 2838 Ν,
452 2765 542 2829 αὐτόν
560 2775 632 2846 vulg.
704 2791 745 2828 ar.
757 2777 911 2827 Ἰουστῐνον
923 2722 1033 2843 ἰλαιρ,
1050 2769 1261 2826 Ἰσοστινιανδν
1272 2770 1340 2839 vulg.

253 2859 343 2927 perit,
366 2859 515 2914 Chosroem
538 2862 572 2914 de
595 2861 687 2915 medio
717 2861 905 2925 sublaturum,
927 2869 956 2913 ct
978 2877 1068 2929 regem
1087 2860 1174 2911 Persis
1205 2858 1340 2910 daturum.

252 2928 296 2981 Ad
314 2929 387 2981 bunc
404 2932 514 2984 modum
533 2935 684 2986 insolenter
701 2934 824 2992 locutus,
847 2931 1030 2985 Sebocbtbenr
1050 2931 1161 2982 missum
1179 2927 1255 2982 sccit

324 3017 365 3052 ar.
403 3002 471 3054 Cum
493 3004 615 3056 lustinus
642 3006 742 3057 mentis
760 3000 951 3054 imbecillitate
973 3002 1127 3064 laboraret,
1150 3007 1180 3051 et
1194 2998 1338 3052 Tiberium

252 3068 422 3135 reipublicae
451 3072 683 3126 administrandae
702 3072 894 3144 praefecisset,
922 3072 1050 3125 Tiberius
1080 3078 1108 3123 et
1123 3071 1218 3137 regina
1241 3066 1338 3121 incerti

252 3147 348 3201 erant,
367 3140 436 3211 quid
461 3142 496 3196 de
518 3143 601 3195 rebus
619 3142 727 3196 bellicis
757 3149 923 3206 statuerent3
951 3140 998 3194 sed
1017 3140 1220 3193 dubitationem
1239 3138 1339 3190 exemit

251 3207 391 3262 Persarum
415 3228 480 3275 rex,
512 3217 561 3284 qui
586 3213 713 3266 Iacobum
739 3215 858 3282 legatum
888 3213 922 3267 ad
941 3213 1121 3263 Romanorum
1146 3211 1339 3279 lmperatorenr

250 3281 335 3331 misit.
369 3283 394 3332 ls
420 3282 525 3335 Persica
550 3285 633 3336 verba
652 3285 755 3337 Graece
781 3301 814 3335 ex
836 3282 934 3335 rimcre
955 3290 1074 3335 noverat.
1110 3280 1179 3332 Nam
1198 3281 1338 3332 Persarum

250 3364 315 3409 rex,
343 3353 527 3404 Rornanorum
552 3355 643 3408 resin
661 3299 958 3407 ultimumriiscrimeu
975 3350 1105 3403 adductas
1124 3368 1183 3404 esse
1204 3359 1295 3412 ratus,
1313 3357 1339 3401 et

249 3419 323 3473 nibil
342 3422 489 3474 iucundius
507 3432 536 3476 et
553 3427 735 3495 opportunius
752 3425 810 3477 illis
827 3427 985 3492 contingere
1005 3439 1101 3491 posse,
1120 3438 1203 3491 quarn
1226 3420 1339 3490 quibus·

247 3491 291 3545 ris
316 3492 523 3546 conditionibus
553 3495 656 3547 bellum
680 3512 748 3565 pace
777 3494 874 3556 finire,
899 3497 976 3545 cuius
1000 3493 1040 3543 rei
1072 3494 1157 3562 gratia
1181 3500 1277 3544 tamen
1295 3505 1339 3542 eos

248 3563 368 3683 puderet
385 3563 549 3633 legationem
569 3568 695 3630 mittere,
716 3563 791 3635 quod
803 3563 961 3617 indecorum
979 3561 1181 3625 existimarent,
1200 3578 1274 3624 eum,
1292 3560 1340 3631 qni

272 3632 356 3684 ellum
376 3635 557 3702 suscepisset,
578 3637 689 3688 initium
705 3633 877 3706 supplicandi
894 3635 999 3696 locere,
1015 3631 1090 3685 hunc
1105 3635 1239 3702 pudorem
1260 3647 1339 3700 prae·

249 3703 387 3755 veniendo
416 3706 535 3763 sustulit
576 3708 611 3758 Et
628 3707 951 3778 quoniam-consternati
978 3705 1068 3756 animo
1088 3711 1180 3764 erant,
1202 3701 1338 3753 rationem

251 3782 280 3825 et
300 3775 468 3826 occasionem
489 3779 665 3844 excogitavit,
684 3787 716 3829 ut
731 3793 781 3846 per
799 3778 917 3843 speciem
938 3773 1071 3844 colloquii
1089 3790 1182 3841 pacem
1199 3772 1335 3891 supplices

252 3852 371 3896 orarent.
407 3846 504 3915 ltaque
524 3848 611 3899 mittit
631 3847 778 3907 Iacobum,
796 3847 887 3897 Persas
908 3858 1047 3917 narnquam
1069 3843 1215 3911 gloriosius
1254 3842 1336 3893 ellum

251 3925 346 3967 eontra
374 3918 509 3968 Romanos
536 3916 674 3986 deponere
700 3934 779 3985 posse
805 3917 981 3977 existimans,
1010 3915 1075 3984 quia
1101 3913 1216 3965 Romani
1235 3910 1335 3972 omnia,

250 3999 322 4053 quae
345 3989 442 4038 Persae
468 3987 621 4048 voluerint,
645 3997 736 4038 essent
767 3989 928 4038 concessuri.
970 3987 1061 4055 Atque
1085 3983 1153 4035 hacc
1178 3984 1261 4034 missa
1290 3996 1346 4049 per

251 4054 378 4107 lacobum
408 4056 444 4107 ad
471 4059 605 4110 Iustinum
624 4056 739 4125 epistola
764 4070 854 4124 neque
882 4059 963 4108 aetati
989 4054 1058 4124 regis
1075 4054 1215 4106 Persarum
1232 4065 1344 4102 accon·

250 4123 360 4178 nodata
382 4127 531 4197 erat,(nam
547 4128 682 4197 puerilem
700 4129 730 4180 in
747 4123 860 4180 modum
878 4125 1031 4199 conscripta
1048 4123 1136 4197 erat,)
1151 4139 1249 4194 ¹neque
1267 4120 1346 4174 altc-
