2774 5122
239 237 326 342 384
673 245 882 330 moenem

90 431 161 487 Μλ.
175 425 280 508 istiu
307 418 445 505 Περσάν
464 419 670 504 πρεσβευτής.
712 418 767 483 καί
793 415 896 498 sotius
924 417 1107 493 ξυνιιιάλισε
1132 417 1206 504 παρ’
1226 415 1317 506 edroi

151 503 479 599 1.”(ἷ·’ἓστιασομένους
501 516 573 592 τούς
593 541 627 581 τε
653 517 817 598 Ῥωμαίων
837 519 893 580 καί
911 518 1048 602 Περσῶν
1065 518 1220 600 πρέσβεις.
1260 514 1318 580 ταί

104 575 276 702 1mmsis}
298 617 558 702 παραγενομίνων
584 610 699 697 adesis,
721 613 797 692 τούς
820 615 1003 697 Ῥωμαίους
1022 613 1041 679 ἀ
1062 610 1259 696 Διζάβιιυλος
1279 617 1315 680 ἐν

234 720 311 805 τιμῇ
331 719 451 781 πλείονι
471 714 648 800 ἐποιήσατο,
670 715 713 790 αἱς
732 717 788 780 καί
801 711 880 780 κατά
901 713 956 799 τὴν
974 713 1215 797 ύπικυδεστὲραν
1237 711 1316 776 ἀνα-

236 824 340 882 κλῖναι
362 814 507 898 στιβάδα.
531 817 612 901 πρός
630 836 666 898 ys
687 817 744 878 καί
761 820 890 880 πλεῖστα
907 810 1158 899 ἐπιμεμφόμενος
1178 803 1219 894 ἦν
1239 809 1335 891 τούς5

237 919 388 1002 Πέρσας,
410 912 464 980 diss
486 913 523 1000 ἀὴ
545 913 624 1000 πρὸς
645 907 752 980 αύτάν
772 908 868 979 doma
886 911 1049 989 πεπονθώς
1061 963 1072 995 ,
1100 913 1156 976 καί
1175 910 1220 987 ἀς
1239 908 1316 975 τού·

236 1039 292 1081 του
322 1019 410 1080 ἕνεκα
439 1014 565 1101 ἔρχεται
595 1012 791 1098 πολεμήσων.
832 1009 849 1076 ὅ
880 1016 915 1078 δὲ
935 1018 1071 1099 Περσῶν
1103 1006 1316 1097 πρεσβευτής,

236 1121 296 1180 τοῦ
318 1112 515 1197 Διζαβούλου
534 1113 763 1199 συντονώτερον
790 1114 1050 1197 ἐπεγκαλούντος,
1080 1111 1315 1201 περιφρονήσας

234 1214 288 1279 τὸν
307 1210 402 1294 ύύμον
421 1215 477 1296 τῆς
497 1214 618 1297 σιωπῆς
636 1210 691 1278 τύν
711 1211 861 1295 ἰσχύοντα
882 1217 954 1301 παρ’
964 1209 1072 1293 αύτοῖς
1092 1219 1126 1281 ἐν
1143 1222 1213 1290 ταῖς
1232 1211 1315 1279 ἑστι-

237 1310 362 1395 άσεσιν,
391 1313 600 1398 ἐπιτροχάδην
628 1302 744 1399 ἤρξατο
773 1315 991 1398 διαλέγεσθαι,
1021 1317 1081 1379 τοῦ
1112 1312 1352 1396 Διζαβσύλουισ

140 1422 166 1474 Ρ.
181 1421 228 1490 ι54
234 1414 382 1498 γενναίως
403 1410 443 1475 τά
457 1407 654 1496 ἕπικλήματα
670 1409 903 1494 ἀπωθούμενος,
924 1412 968 1488 ὥς
981 1411 1036 1479 καί
1053 1409 1223 1497 θαυμάσαι
1235 1411 1316 1488 -τούς

235 1510 396 1598 παρόντας
421 1511 456 1578 τὸ
487 1509 683 1597 ὑπερβάλλον
710 1516 766 1596 τῆς
787 1513 889 1576 αύτσῦ
918 1511 1029 1597 ἀργῆς,
1053 1510 1097 1590 ὥς
1124 1515 1199 1598 παρ’
1221 1513 1316 1577 otidis

234 1616 367 1694 θέμενος
393 1608 445 1677 τὸν
471 1609 569 1691 νόμον
595 1617 721 1688 πολλοῖς
748 1634 783 1678 τε
812 1614 869 1675 καί
886 1610 1069 1687 ἀκολάστοις
1094 1608 1260 1698 ἐχρήσατο.
1281 1613 1316 1676 s‘s

158 1732 159 1737 ’
234 1710 359 1787 τούτοις
381 1704 633 1794 ἀπαλλαγέντων,
658 1710 676 1775 ri
695 1713 755 1792 μὲν
774 1712 971 1793 Διζάβουλσς
991 1710 1240 1797 παρεσκευάζετο
1260 1708 1316 1793 τὴν

234 1812 289 1876 ἐπί
308 1812 450 1898 Πέρσας.
480 1814 527 1900 τῷ
548 1834 597 1875 τοι
617 1803 682 1898 ἀρα
701 1809 775 1888 τούς
796 1810 884 1895 ἀμφὶ
902 1810 1077 1897 Ζάμαρχον
1096 1807 1351 1892 μετακαλεσά-ιὸ

231 1935 339 1994 μενος,
361 1910 417 1975 καί
435 1907 478 1987 οἷς
507 1914 595 1996 ἐνῆν,
621 1910 702 1996 πρὸς
731 1908 804 1987 τούς
827 1909 1011 1992 Ῥωμαίους
1037 1913 1148 1997 φιλίαν
1173 1912 1315 1992 ἔμπεδοί·

232 2033 307 2091 σας,
332 2012 456 2097 ἀφῆκεν
477 2003 574 2088 αὖθις
595 2005 870 2096 ἀπονοστήσαντος
881 2061 891 2091 ,
913 2013 1018 2094 ἕτερον
1038 2007 1236 2094 πρεσβευτήν
1260 2012 1319 2072 αύ-

229 2119 293 2185 τοῖς
323 2113 573 2186 συναποστείλας
602 2116 646 2200 τῷ
673 2108 729 2175 τὸν
750 2106 904 2194 πρότερον
924 2108 1090 2192 λεγόμενον
1109 2105 1251 2189 ,Μανιάχ
1268 2129 1315 2171 τε·

229 2205 354 2273 θνάναι.
395 2202 437 2291 ἦν
458 2211 493 2273 δὲ
514 2210 674 2293 ἐπίκλησις
688 2227 690 2233 ·
703 2211 747 2297 τῷ
774 2204 841 2289 μετ’
866 2209 982 2273 ἐκεῖνον
1002 2211 1182 2292 πρεσβευτῇ
1205 2203 1316 2289 Τάγμα

231 2309 335 2394 αύτῷ,
357 2308 481 2387 ἀξίωμα
503 2309 539 2370 δὲ
564 2302 701 2391 Ταρχάν.
745 2299 836 2384 οὗτος
857 2304 896 2390 δὴ
920 2298 979 2370 ούν
998 2306 1114 2389 ἐστάλη
1134 2300 1194 2367 siud
1214 2306 1350 2381 Διζα-οσ

207 2407 350 2488 Ββούλου
372 2406 416 2481 ἀς
430 2406 608 2486 Ῥωμαίους
627 2407 910 2489 πρεσβευσάμενος.
941 2408 997 2470 καί
1014 2406 1073 2485 μὲν
1096 2394 1153 2468 σύν
1176 2399 1239 2467 σύν
1259 2401 1317 2466 αύ-

228 2508 273 2596 argi
293 2501 310 2568 ὅ
331 2508 389 2569 τοῦ
410 2495 471 2589 ἤδη
493 2503 706 2587 ἀποιχομένου
728 2515 825 2591 παῖς,
847 2508 932 2593 φημί
954 2501 1242 2593 ύὴιτοῦΜανιάχ,
1265 2525 1316 2566 νισ-

300 2658 340 2709 ι6.
357 2644 432 2726 πρύς
456 2663 484 2710 et
510 2657 612 2726 φιλίαν
639 2655 688 2717 Ν.,
716 2657 783 2725 περὶ
801 2664 830 2709 et
849 2658 950 2727 φιλίας
966 2660 1037 2728 vulg.
1148 2673 1191 2724 ιφ·
1207 2655 1314 2707 ἀπονο-

241 2735 242 2738 ’
298 2727 455 2791 στήσαντας
472 2728 516 2790 B.,
538 2725 878 2799 dnouoosrioorreeeulg.
938 2748 975 2798 ¹9·
994 2730 1113 2783 ἐκείνων
1128 2729 1202 2795 vulg,
1245 2740 1313 2798 πρε-

298 2802 396 2868 σβευτῇ
414 2798 456 2863 H.,
475 2788 650 2870 πρεσβευτάν
668 2798 738 2867 ruig.
810 2816 851 2851 aa.
871 2798 886 2852 ὁ
905 2806 959 2852 τοῦ
977 2800 1019 2864 H„
1036 2797 1197 2869 osoussvurg.

228 2915 279 2967 Hic
301 2916 410 2968 obviam
431 2918 508 2968 venit
524 2914 658 2967 Disabulo
681 2916 822 2968 Persarum
839 2915 964 2985 legatus,
988 2932 1069 2987 quem
1093 2932 1146 2967 una
1174 2932 1235 2967 curn
1259 2916 1311 2966 Ro·

228 3002 368 3038 manorum
391 2988 481 3056 legato
508 2986 542 3037 ad
567 3002 679 3038 coenam
709 2985 842 3037 invitarit.
885 2984 927 3037 Ad
952 3004 1011 3038 carn
1036 3003 1096 3037 curn
1120 2989 1311 3046 accessissent,

229 3058 315 3107 muito
344 3057 404 3124 pius
422 3057 534 3109 honoris
559 3055 661 3109 detulit
679 3055 828 3109 Dissbulus
857 3056 997 3117 Romanis,
1033 3073 1113 3126 quam
1131 3059 1245 3109 Persicis
1272 3055 1314 3106 le·

229 3127 318 3193 gatis,
348 3135 376 3178 ct
401 3128 581 3180 Romanorum
608 3128 726 3195 legatum
754 3127 930 3180 honoratiore
957 3128 1015 3179 loco
1045 3127 1203 3179 accumbere
1229 3130 1314 3179 iussit.

229 3196 397 3264 Quinetiam
410 3199 526 3249 muitum
538 3199 571 3249 de
578 3199 663 3250 Persis
675 3207 716 3250 est
727 3206 848 3270 questus,
865 3196 1036 3268 tanquamab
1056 3196 1099 3248 his
1114 3199 1201 3248 muita
1212 3197 1313 3249 iniusta

230 3282 324 3336 passus
344 3276 429 3329 esset,
448 3285 519 3338 quae
538 3276 568 3319 ut
590 3269 666 3319 bello
685 3276 714 3319 et
734 3269 813 3319 armis
832 3267 1002 3329 vindicaret,
1019 3277 1139 3320 venerat.
1176 3267 1244 3319 Cum
1263 3268 1314 3318 Di-

230 3337 342 3388 snbulus
361 3337 484 3390 acerbius
505 3337 693 3403 inueheretur,
718 3338 855 3390 Persarum
876 3340 980 3407 legatus
999 3338 1084 3407 legem
1108 3339 1215 3390 silentii
1242 3335 1314 3407 apud

230 3408 303 3476 ipsos
323 3407 352 3456 in
371 3408 502 3460 conviviis
523 3408 660 3461 observari
685 3410 793 3462 solitam
817 3415 1014 3475 transgressus,
1039 3410 1194 3460 summatim
1223 3409 1319 3478 coepit

230 3478 363 3530 disserere
375 3486 403 3529 ct
413 3494 508 3545 magno
527 3480 616 3532 animo
631 3479 757 3531 Disabuli
770 3479 973 3531 criminationes
993 3478 1129 3542 refutarit,
1142 3488 1173 3531 ut
1192 3479 1322 3548 quiade*

230 3556 292 3599 rant
309 3550 480 3609 mirarentur,
500 3566 562 3601 eum
581 3551 610 3601 in
629 3559 684 3603 tam
705 3551 854 3602 violentam
878 3551 944 3599 iram
968 3551 1152 3609 exardescere,
1174 3560 1215 3613 ut,
1239 3548 1315 3600 nuile

230 3618 324 3672 habita
349 3618 416 3688 legis
441 3619 557 3682 ratione,
571 3620 665 3671 moitis
692 3620 938 3688 intemperantibus
965 3618 1056 3671 verbis
1083 3627 1216 3679 uteretur,
1251 3621 1314 3670 Post

230 3690 297 3742 haec
314 3705 375 3740 cum
392 3690 592 3752 discessissent,
609 3688 756 3741 Disabulns
776 3693 805 3742 in
823 3692 915 3743 Persas
935 3689 1085 3742 contendit.
1121 3692 1155 3742 Et
1168 3689 1313 3742 Zemarelso

231 3768 260 3812 ct
277 3763 335 3812 eius
355 3760 501 3812 comitibus
518 3759 553 3810 ad
571 3775 599 3811 se
628 3763 746 3823 voeatis,
771 3761 819 3812 ubi
839 3763 986 3812 amicitiam
1006 3778 1065 3812 eum
1092 3762 1220 3813 Romanis
1247 3777 1314 3813 con·

228 3832 376 3895 firmasset,
402 3846 465 3893 eos,
491 3838 526 3881 ut·
539 3829 574 3879 ad
591 3846 638 3880 sua
658 3831 793 3894 redirent,
818 3831 912 3882 missos
931 3830 1004 3884 feeit.
1049 3829 1118 3882 Cum
1138 3829 1182 3884 his
1201 3846 1312 3903 quoquc

228 3903 312 3954 alium
330 3919 345 3951 a
364 3918 392 3953 se
411 3902 445 3952 ad
470 3903 601 3952 Romanos
622 3901 739 3971 legatum
758 3901 852 3964 misit,
874 3902 939 3972 quia
961 3899 1105 3963 Maniseh,
1130 3902 1165 3954 ds
1189 3919 1245 3972 quo
1264 3918 1317 3953 sn·

227 3972 433 4038 prediximus,
453 3973 509 4022 vita
532 3979 692 4024 excesserat.
730 3971 799 4022 Huic
816 3973 906 4042 legato
931 3989 1031 4024 nomen
1049 3980 1108 4025 erat
1131 3974 1242 4043 Tagms,
1268 3972 1319 4024 di·-

229 4042 315 4105 gnitas
334 4059 397 4093 vero
422 4042 554 4098 Tarchon.
589 4042 641 4093 Hic
660 4043 743 4112 igitur
764 4051 794 4094 ut
811 4042 973 4113 legationem
996 4061 1009 4094 a
1032 4042 1068 4094 ud
1089 4045 1226 4096 Romanos
1250 4043 1312 4096 obi·

230 4119 285 4174 ret,
311 4112 478 4165 aDisabuio
495 4112 591 4165 missus
610 4121 667 4166 est:
688 4129 747 4167 una
765 4127 827 4165 cum
851 4129 884 4168 eo
902 4115 994 4168 Mania
1050 4117 1127 4180 eius,
1154 4118 1205 4188 qui
1224 4130 1319 4186 nuper,
