2724 5092
185 214 212 291 ‘1
226 235 276 291 10
641 235 807 306 nostru

273 382 322 470 ιμ’.
366 377 467 464 Οάτος
490 387 658 477 (Φῆστος)
681 393 755 474 περὶ
774 384 849 466 τούς
867 385 1004 476 χρόνοις
1026 389 1202 468 Οίάλιντος
1230 390 1278 470 εἷς

188 481 246 569 τὴν
267 479 380 552 Ἀσίαν
402 488 593 568 ἐκπέμπεται
612 487 812 565 ἀνθύπατος·
852 487 913 574 τὴν
932 490 969 555 δὲ
988 488 1154 576 βασιλικὴν
1173 493 1278 574 φλάσ-

188 608 249 649 σαν
268 585 485 650 ἐπεπίστευτν
525 589 681 667 πέμπεται
702 590 737 652 lt
758 581 859 669 ὅμως,
878 585 934 652 τάν
962 585 1120 673 ποιητικὸν
1140 589 1196 652 καί
1212 614 1279 671 μοι

187 678 277 767 eosq
298 675 443 767 Ἔχετον,
479 684 534 749 καί
551 688 581 750 εἰ
600 686 640 768 δή
661 710 709 761 τις
729 677 821 762 άλλος
842 687 876 750 ἐκ
900 687 1072 763 Θετταλίας
1091 683 1113 773 ἢ
1133 693 1279 767 Σικελίας

186 786 336 863 τοιοῦτος,
355 781 480 868 χρνσάν
500 786 675 863 άποθείξων
694 788 750 849 καί
769 786 961 872 πανήγυριν·
994 780 1036 871 ἦν
1058 788 1093 853 δὲ
1112 789 1213 869 μανία
1235 787 1296 852 ούό

185 878 342 965 θύραθεν,
364 885 430 946 αλλ’
452 879 580 948 ἔνδοθεν
597 882 715 948 ἐλύοσα
736 885 792 948 καί
811 882 974 968 ἐμαίνετο,
996 884 1076 970 α’νῆρ
1100 885 1196 972 φύσει
1216 908 1278 949 πο-

187 977 299 1065 νηράς,
321 985 375 1046 καί
393 985 537 1060 ἔξουσίαν
558 980 640 1065 ἔχων
647 1033 657 1063 ,
692 981 747 1047 καί
765 980 820 1068 τὴν
840 986 873 1049 ἐν
892 995 962 1060 ταῖς
980 982 1146 1050 κολάσεσιν
1165 982 1278 1070 α’φριά-

188 1103 266 1163 τητα
288 1078 468 1145 καταλιπών
487 1075 718 1164 εὐδοκιμοῦσαν
742 1085 776 1147 ἐν
799 1091 865 1160 τοῖς
883 1083 1073 1166 βασιλείοις,
1108 1085 1166 1148 osis
1190 1081 1277 1149 ἔστιν

188 1173 247 1257 άμι
267 1181 468 1261 παρανομίας
490 1175 623 1245 άπέλιπε
642 1184 697 1246 καί
717 1181 888 1265 ἀσελγείας,
910 1185 978 1246 αλλ’
996 1182 1051 1248 ε’πί
1063 1181 1192 1248 τοσόνδε
1214 1207 1278 1246 παι

83 1285 114 1339 R
130 1280 335 1363 διοραφοροῖς
355 1277 458 1363 ἐρ’ῥύπ
479 1282 534 1343 καί
553 1278 668 1366 φόνων,
689 1274 771 1345 άστε
792 1279 847 1344 καί
860 1277 1013 1364 Μάξιμον
1032 1280 1117 1368 ξίφει
1132 1270 1317 1366 θιὲφθειὲιο

187 1400 239 1460 ρε,
276 1378 439 1461 Κοίρανον
465 1376 643 1463 Αίγύπτιον
663 1379 840 1465 ἐπισφάξας
862 1380 965 1468 αὐτῷ·
1006 1379 1061 1444 καί
1090 1377 1136 1444 ἔτι
1156 1376 1279 1466 θερμάς

187 1469 232 1541 άν
265 1474 321 1540 καί
348 1478 428 1556 ζέων
457 1479 502 1566 τῷ
530 1476 638 1567 λύθρφ
665 1481 784 1554 πάντας
816 1475 986 1567 σονανῄρει
1014 1476 1069 1543 καί
1097 1480 1279 1564 κατέφλερε.

188 1577 265 1641 Voc.
290 1577 424 1661 Φῆστος.

270 1673 320 1740 ιδ’.
366 1668 468 1754 Οὗτος
490 1676 729 1766 (Σεβαστιανός)
751 1678 806 1744 ἐπί
828 1674 1001 1753 Ου’άλεντος
1019 1668 1073 1762 ἦν·
1097 1679 1217 1759 ἐγένετο
1240 1677 1278 1740 δὲ

157 1772 240 1841 ,ἐπὶ
258 1772 370 1839 τούτου
393 1768 518 1862 ἀνδρῶν
537 1780 715 1860 πολεμικῶν
749 1776 894 1862 ζήτησις·
936 1776 1055 1860 εὑρέθη
1088 1777 1125 1840 δὲ
1145 1767 1237 1850 οὗτος
1257 1771 1316 1844 ὄι5

186 1871 265 1959 α’νὴρ
297 1873 400 1959 πάσης
427 1877 553 1952 ἐλπίδος
579 1880 748 1963 κρείττων,
784 1878 936 1959 ον’θεμιάς
970 1875 1084 1961 άρετῆς
1113 1875 1276 1939 α’ποδὲοιν·

185 1971 312 2050 ον’δενὸς
341 1973 466 2059 γάρμὴ
496 1971 629 2041 ὅτιτῶν
649 1978 725 2040 καθ’
746 1972 843 2040 αὑτὸν
864 1971 1042 2060 άνθροάπιον
1056 1979 1088 2055 *,
1109 1969 1192 2038 άλλά
1220 1973 1279 2036 καί

182 2083 248 2148 τοῖς
275 2079 421 2150 παλαιοῖς
459 2076 579 2150 δίκαιος
600 2068 650 2160 Ιοἷν
678 2075 960 2160 παραβάλλεσθαι,
995 2070 1051 2136 καί
1068 2069 1189 2162 τούτοιν
1209 2079 1277 2146 τοῖς

183 2164 263 2255 άγαν
289 2172 514 2255 εὐδοκιμοῦσιν
544 2175 590 2249 είς
607 2168 777 2248 ’ἅπαντας
833 2167 869 2250 ὅς
902 2196 939 2256 ys
965 2165 1177 2258 φιλοπόλεμος
1215 2169 1276 2251 μὲν

184 2261 245 2350 τάν,
281 2266 394 2356 ἥκιστα
424 2274 640 2357 φιλοκίνδυνος
669 2264 729 2355 ἦν·
770 2272 808 2336 ού
838 2274 881 2336 δι’
908 2267 1033 2353 ἑαυτὸν,
1053 2272 1116 2333 τάν
1136 2267 1316 2353 άρχομά-αο

183 2393 246 2433 νοον
276 2371 312 2432 δὲ
341 2369 461 2433 ἕνεκεν·
498 2368 673 2456 χρημάτων
702 2371 737 2435 δὲ
766 2373 853 2458 αὐτῷ
881 2369 1025 2454 πλήθους
1054 2366 1178 2462 ἔμελεν,
1213 2356 1276 2431 ὅσα

179 2464 218 2532 ’τά
249 2468 342 2549 σῶμα
371 2464 424 2533 διά
467 2469 531 2533 τάν
560 2463 664 2533 ὅπλων
701 2466 870 2555 κοσμήσειν
906 2467 1034 2551 ἔμελλε·
1085 2462 1207 2554 τροφὴν
1239 2466 1276 2530 ts

260 2689 297 2744 rt.
333 2689 439 2744 Festus.
458 2690 510 2742 Hic
527 2688 697 2758 temporibus
723 2687 848 2742 Valentis
868 2690 897 2740 in
914 2689 1005 2742 Asiam
1027 2687 1175 2759 proconsul
1192 2688 1275 2738 emit-

184 2759 260 2811 titur.
297 2759 379 2830 Regia
401 2777 465 2814 vero
487 2762 579 2828 lingua
599 2761 657 2810 eius
677 2759 741 2812 fidei
759 2763 900 2813 commissa
919 2760 1016 2810 fuerat.
1053 2759 1205 2810 siccamen
1224 2753 1275 2807 sb-

184 2829 307 2900 legatur,
336 2839 368 2882 ut
385 2832 427 2882 illi
446 2833 556 2902 pottico
576 2839 605 2882 et
625 2830 751 2883 fabuloso
770 2829 872 2886 Echeto
897 2830 1011 2891 similis,
1039 2836 1067 2881 et
1085 2829 1184 2898 siquis
1202 2827 1274 2879 elius

182 2911 231 2951 aut
252 2900 398 2953 Thessalus
426 2910 475 2953 aut
493 2902 600 2954 Siculus
624 2900 687 2952 talis
710 2909 840 2968 tyrannus
863 2899 933 2966 suit3
953 2900 1185 2951 demonstraturus
1211 2896 1274 2961 hoe,

183 2987 277 3022 omnes
296 2978 424 3036 tyrannos
443 2988 534 3022 seeum
553 2978 723 3041 comparatos
743 2988 801 3023 esse
817 2987 912 3023 aurum
931 2978 979 3022 aut
997 2968 1101 3020 ludum.
1138 2969 1203 3018 Eius
1220 2984 1275 3020 an-

181 3047 237 3090 tem
262 3041 368 3099 insania
390 3057 444 3092 non
471 3052 530 3094 erat
551 3042 632 3105 soris,
658 3039 707 3094 sed
732 3041 897 3093 intrinsecus
919 3040 995 3092 rabie
1014 3048 1089 3091 aetus
1117 3034 1227 3090 furebat
1245 3045 1274 3104 et

181 3109 354 3172 insaniebat,
390 3110 471 3162 bomo
489 3119 585 3163 natura
603 3111 690 3163 malus
709 3118 738 3163 ct
756 3119 890 3181 potestate
908 3112 1058 3180 praeditus.
1092 3109 1161 3161 Cum
1179 3115 1273 3160 autem

182 3180 379 3248 suppliciorum
406 3183 606 3233 immanitatem
623 3182 653 3232 in
672 3180 774 3233 Palatio
794 3182 936 3234 llorentcm
959 3181 1134 3251 reliquisset,
1162 3178 1272 3230 nullum

181 3248 336 3320 iniquitatis
361 3259 389 3303 et
408 3252 573 3304 insolentiae
601 3268 686 3321 genus
713 3252 914 3321 praetermisit:
941 3249 989 3301 sed
1008 3251 1044 3301 ad
1065 3257 1168 3301 tantam
1194 3249 1272 3300 insa·

180 3322 254 3371 niens
274 3329 302 3371 et
319 3320 441 3372 caedium
460 3322 649 3375 crudelitatem
671 3329 713 3374 est
732 3329 893 3390 provectus,
912 3327 943 3371 ut
963 3330 990 3374 et
1008 3320 1158 3371 Maximum
1178 3319 1270 3389 gladio

179 3390 366 3454 interficeret,
392 3392 514 3444 Coerano
542 3392 676 3462 Aegyptio
701 3409 782 3460 super
807 3393 897 3460 ipsum
923 3392 1056 3461 iugulato.
1092 3390 1161 3442 Cum
1178 3398 1271 3442 autem

179 3459 335 3512 adhucillo
354 3462 444 3514 caedis
464 3479 559 3519 cruore
579 3466 681 3516 caleret
698 3469 727 3514 et
743 3462 877 3526 ferveret,
901 3477 994 3513 omnes
1013 3477 1068 3513 una
1085 3456 1220 3512 caedebat
1241 3466 1271 3511 et
1348 3477 1357 3484 ·

177 3530 324 3587 cremabat.

176 3651 178 3656 ,
250 3604 287 3670 ιλ.
324 3601 510 3654 Sebastianus.
546 3603 599 3655 llic
625 3611 748 3672 tempore
771 3602 896 3655 Valentis
925 3601 987 3654 suit.
1024 3599 1081 3654 Sub
1105 3599 1158 3652 boc
1176 3608 1270 3653 autem

175 3672 296 3723 virorum
316 3670 510 3724 bellicosorum
529 3673 651 3725 delectus
670 3681 712 3724 est
730 3671 847 3726 babitus.
885 3673 943 3724 Hic'
955 3678 1048 3723 autem
1065 3671 1108 3722 vir
1125 3671 1201 3724 omni
1220 3687 1270 3740 spe

175 3742 337 3803 meliorest
354 3745 497 3806 inventus,
524 3745 628 3794 nullius
647 3745 756 3795 virtutis
781 3759 885 3810 expers.
920 3741 1019 3794 Nullus
1041 3744 1114 3794 enim
1133 3750 1193 3793 crat
1211 3757 1270 3793 non

175 3815 263 3864 solum
282 3813 358 3864 illius
377 3814 474 3865 aetatis
494 3812 654 3875 homiuum,
679 3814 727 3865 sed
746 3831 781 3866 ne
808 3812 957 3883 priscorum
977 3812 1091 3882 quidem
1110 3819 1138 3863 et
1157 3827 1269 3875 eorum,

179 3883 228 3952 qui
247 3883 319 3949 apud
338 3901 431 3935 omnes
449 3883 527 3934 valde
546 3882 734 3945 celebrantur,
761 3899 822 3935 eum
841 3899 895 3952 quo
917 3899 972 3933 non
995 3890 1089 3952 posset
1108 3883 1168 3934 iure
1193 3899 1269 3934 com·

178 3954 275 4021 parari.
313 3953 379 4021 Qui,
398 3970 458 4005 eum
477 3952 613 4004 bellorum
632 3969 725 4006 amans
744 3962 825 4016 esset,
842 3953 955 4004 minime
974 3962 1066 4004 tamen
1083 3952 1269 4019 periculorum

179 4039 270 4074 ainans
289 4033 361 4086 erat,
379 4042 433 4075 non
452 4032 618 4092 propterte,
637 4023 686 4074 sed
703 4033 815 4094 propter
833 4041 898 4084 eos,
916 4023 1017 4094 quibus
1036 4021 1196 4091 imperabat
1216 4024 1268 4075 Pe-

179 4095 276 4147 cuniae
293 4107 356 4146 vero
375 4094 481 4165 copiam
500 4092 624 4160 curabat,
642 4102 749 4148 tantum
768 4102 798 4148 ut
815 4110 913 4165 eorpus
932 4093 1014 4144 armis
1033 4100 1150 4146 ornaret
1184 4091 1268 4148 Vietn
