2724 5092
331 640 503 703 crumr
533 640 708 707 rararcrr
745 643 951 709 ursrorrrs.
1038 605 1039 609 ‘
1110 648 1190 730 129

105 789 288 879 ἀδηλοντού
299 796 437 874 πολέμου
459 791 654 876 ἀποβλέπων,
669 787 736 874 ἀμα
753 795 789 859 tt
814 799 867 862 καί
884 792 934 861 ότι
955 792 985 860 οἷ
1003 801 1061 862 τού
1072 804 1187 865 Λικιν-
1199 801 1324 871 Μελ

102 898 168 960 νίοο
203 892 310 982 ἀφόύρν
345 890 543 980 λανθανούσῃ
582 891 777 976 χρησόμενοι
811 893 872 979 τὴν
898 894 1058 983 βαστάγην
1086 873 1310 995 αύτούξοῃηθ

101 992 177 1076 μετά
208 996 265 1079 τῆς
285 996 449 1077 βασιλικῆς
469 992 645 1077 ὑπηρεσίας
665 996 837 1077 κατέσχον,
860 997 987 1078 δέχεται
1008 993 1125 1071 αύτόν.
1167 997 1186 1063 o‘

101 1095 135 1158 ἀὲ
154 1099 222 1168 τοῖς
242 1094 317 1158 ivos*
333 1095 499 1174 βασιλεῦσι
518 1088 576 1176 τὴν
595 1089 721 1178 εἰρήνην
741 1091 969 1178 ἀπρεσβεύετο,
1004 1095 1049 1182 μη
1068 1101 1188 1183 χρῆναι

84 1196 201 1276 ὀλίγον
229 1188 285 1257 τόν
314 1188 391 1265 τούς
411 1187 595 1277 ὁμοφύλους
617 1188 799 1276 νενικηκότα
819 1199 886 1259 κατ’
906 1190 1013 1262 οότοόν
1031 1201 1187 1280 χαλεπαί-

95 1313 175 1356 νειν.
196 1283 258 1381 όμι
277 1287 339 1375 μάρ
361 1283 402 1355 ἀν
422 1284 590 1373 ἀπόλοιτο,
610 1291 704 1357 τούτο
725 1291 832 1356 λοιπόν
850 1296 894 1381 τῷ
913 1292 1095 1380 νενικηκότι,
1117 1291 1187 1362 ἀλλ’

97 1389 174 1472 ούχί
194 1397 263 1467 τοῖς
290 1388 477 1475 ἡττωμένοις
496 1383 718 1455 ἀπόλλυσθαι·
760 1388 816 1456 καί
842 1386 891 1456 ὅτι
913 1388 930 1456 ό
956 1390 1006 1459 ἑνί
1023 1393 1081 1481 την
1101 1397 1187 1482 cipp*

96 1511 152 1573 νην
172 1480 368 1573 ἀρνούμενος
388 1492 511 1554 πολλῶν
532 1491 697 1576 ἐμφυλίων
716 1493 861 1570 πολέμων
880 1494 1000 1576 γίνεται
1021 1491 1130 1570 αἴτιος.
1167 1484 1187 1557 ό

97 1588 133 1651 ἀὲ
152 1586 306 1670 βασιλεύς
327 1590 373 1676 τῷ
392 1612 427 1653 τε
447 1587 604 1678 προσώπῳ
625 1586 681 1653 καί
708 1590 748 1677 τῇ
768 1592 826 1654 τοῦ
845 1586 989 1672 στόματος
1008 1592 1129 1678 κινήσει
1148 1593 1184 1660 τό

63 1687 231 1769 ιομὲμεθος
260 1689 316 1772 τῆς
344 1685 440 1773 ἀρχῆς
469 1690 586 1774 δηλῶν,
618 1689 673 1753 καί
697 1686 790 1770 μόλις
817 1688 927 1775 φοονην
946 1690 1059 1777 ἀφείς,
1080 1688 1183 1774 εἶπεν·

95 1778 180 1867 „orig
201 1779 285 1850 ούτω
305 1788 403 1872 μέχρι
423 1787 481 1851 τοῦ
501 1784 656 1872 παρόντος
676 1786 897 1872 διαχενόμεθα,
919 1790 995 1856 οὐδὲ
1016 1789 1069 1856 διό
1089 1795 1185 1857 τούτο
1279 1822 1284 1840 2

94 1887 132 1951 ἐκ
152 1886 213 1948 τού
233 1884 375 1950 ον’κεανοῦ
400 1887 498 1972 μέχρι
527 1889 588 1951 τεόν
616 1888 753 1952 ἐνταῦθα
773 1889 980 1969 πολεμοῦντες
1000 1892 1057 1955 καί
1074 1894 1184 1956 νικῶν-

93 2006 147 2059 τες
170 1981 366 2071 ἀφικόμεθα,
390 1980 473 2050 οόστο
493 1981 540 2068 μη
561 1986 684 2050 ἐθέλειν
702 1982 757 2050 τόν
777 1985 890 2051 οίκείον
910 1985 1055 2074 γαμβρόν
1074 1993 1209 2056 notros-c

92 2078 151 2146 νόν
172 2081 257 2164 ἔχειν
279 2081 333 2147 διό
353 2080 394 2148 τύ
413 2085 500 2170 μόση
521 2085 623 2149 αότοῦ
650 2082 781 2171 κοίτην
800 2085 984 2170 ἀγχιστείαν
1005 2086 1182 2176 ἀπαγορεύω

53 2192 146 2257 ι5ειν
152 2216 174 2260 ,»
183 2182 305 2257 εὐτελὲς
324 2184 360 2248 δὲ
381 2183 580 2269 ἀνδράποδον
594 2186 662 2277 μρί
684 2183 787 2250 αύτοό
805 2186 852 2262 εἰς
871 2182 910 2251 τό
924 2189 1071 2270 βασιλεια
1087 2210 1187 2272 προσ-

92 2280 283 2373 detorpeat?
324 2281 485 2349 ἐκέλευσεν
523 2273 578 2348 οόν
605 2278 661 2347 τόν
682 2281 890 2369 Μεστριανόν
914 2281 1028 2350 τούτου
1049 2289 1108 2351 τού
1127 2288 1188 2367 μέ-

91 2399 173 2463 ροας
193 2380 251 2464 τῆς
269 2383 439 2466 πρεσβείας
460 2381 675 2465 σχολάζοντα,
707 2378 742 2445 εἴ
757 2406 790 2445 τι
810 2385 918 2466 ἕτερον
940 2384 1040 2448 alaris
1059 2383 1186 2466 βούλοι-

89 2500 142 2561 το,
165 2477 281 2561 λέγειν·
303 2479 359 2544 καί
377 2477 462 2559 ἔδοξε
481 2478 537 2544 τόν
555 2480 702 2544 Βόλεντα
724 2480 916 2564 ἐκβληθῆναι
936 2481 991 2566 τῆς
1009 2483 1182 2565 βασιλείας.

176 2576 230 2643 ιδ’.
262 2571 331 2644 Ὅτι
354 2581 548 2664 Μαχνένιιος
572 2580 627 2643 καί
644 2578 827 2663 Βετρανίαν
855 2581 1014 2661 πέμπουσι
1038 2574 1318 2667 πρέσβειςΜᾸ50

46 2673 175 2764 ςοπρός
195 2675 437 2745 Κωνστύντιον.
479 2682 658 2761 πόμπονται
679 2679 715 2742 tt
737 2678 902 2766 Ῥουφῖνος
920 2678 977 2744 καί
998 2645 1312 2767 Mopsum-cmm

88 2798 163 2857 νος,
184 2773 203 2840 ό
221 2779 282 2859 μὲν
301 2767 444 2863 ύπαρχος
464 2772 510 2843 (όν
529 2780 593 2845 τοῖν
613 2781 831 2864 πραιτωρίαν,
861 2777 878 2842 ό
903 2781 939 2844 ii
957 2782 1062 2866 ἕτερος
1079 2797 1260 2868 ospes-Van

88 2876 242 2961 rqioirrpc,
262 2874 319 2942 καί
337 2880 512 2961 Νουνόχιος
539 2874 742 2961 συγκλητικός
776 2872 931 2963 ύπαρχος,
956 2878 1012 2943 καί
1029 2877 1181 2961 Μύξιμος

87 2972 175 3061 πρός
200 2973 347 3060 τούτοις,
381 2974 615 3062 ύπομνὴσοντες
641 2972 697 3042 τόν
717 2973 941 3043 Κανστοὶντιον
968 2972 1074 3058 όπλαν
1096 2978 1206 3044 ἀπο-Ι)

139 3082 141 3091 ¹
164 3111 189 3163 5.
216 3106 306 3167 αὐτόν
330 3111 401 3180 vulg.
509 3129 547 3164 ιο.
571 3112 619 3176 τῆς
639 3127 693 3161 om.
715 3111 788 3181 vulg.
894 3128 932 3164 rr.
952 3106 1183 3182 διαγεγενᾶμεθα

163 3183 235 3300 epiri,
250 3182 305 3304 Β.Ι
353 3199 392 3254 ¹⁷·
413 3179 602 3252 σχολάζοντος
619 3181 691 3253 vulg.
749 3199 789 3252 οφ
809 3183 970 3252 Βετρονίων
986 3180 1020 3236 N.
1027 3217 1037 3246 ,
1063 3185 1182 3253 Βρεττα-

167 3267 239 3306 νων
258 3269 294 3305 vu
305 3268 331 3322 g.
985 3290 987 3293 ,

88 3384 189 3422 manus
207 3367 327 3421 militum
335 3366 455 3420 lieinnii
473 3368 594 3420 iumenta
612 3366 755 3421 sarcinalia
771 3382 833 3422 cum
849 3369 924 3441 regia
941 3369 1128 3440 suppellectili
1145 3369 1182 3424 ad
1257 3382 1258 3385 ’

87 3457 119 3492 se
138 3437 298 3493 tendentem
323 3437 494 3492 claudestina
517 3440 674 3490 incursione
699 3441 896 3510 interceperat,
924 3440 1043 3510 legatum
1061 3441 1183 3503 admisit,

86 3510 143 3562 Ille
171 3525 236 3562 vero
263 3509 296 3562 de
320 3526 388 3580 pace
406 3512 478 3562 inter
500 3517 647 3578 utrumque
671 3511 866 3578 Imperatorem
893 3511 1080 3581 componenda
1100 3530 1181 3580 agens

86 3578 218 3644 dicebat,
236 3597 292 3632 non
310 3589 436 3650 oportere
455 3595 525 3642 eum,
555 3583 582 3631 ui
600 3578 635 3631 ‹le
653 3579 758 3632 civibus
776 3580 832 3632 suis
849 3582 990 3634 victoriam
1001 3590 1180 3651 reportasset,

85 3650 124 3703 iis
144 3651 233 3704 irasci.
269 3650 410 3721 Quicquid
437 3652 510 3702 enim
534 3599 667 3714 laureas,
690 3651 804 3714 victori,
822 3668 878 3703 non
895 3651 966 3704 victo
994 3652 1124 3716 interire,
1152 3662 1180 3705 et
1283 3686 1284 3689 =

84 3722 110 3773 si
128 3739 203 3774 nunc
220 3721 270 3772 uni
285 3738 379 3790 pacem
399 3720 589 3791 denegaverit,
611 3720 758 3772 multorum
777 3720 913 3774 bellorum
931 3724 1053 3775 civilium
1072 3740 1180 3775 causam

83 3790 148 3842 lore
163 3800 191 3844 et
208 3798 355 3847 auctorem.
391 3793 427 3845 la
444 3792 594 3860 imperator
619 3798 647 3841 et
666 3792 744 3843 vultu
763 3800 791 3843 et
810 3800 885 3844 motu
905 3795 1026 3861 corporis
1043 3792 1180 3845 acerbita-

83 3869 144 3914 tem
162 3863 220 3914 irae
237 3880 301 3914 suae
321 3861 519 3924 demonstrans,
537 3870 565 3913 et
582 3876 661 3929 aegre
679 3877 772 3913 vocem
791 3864 918 3915 emittens
937 3862 1023 3916 dixit:
1041 3863 1119 3922 „Non
1137 3865 1177 3913 ita

83 3948 137 3983 nos
159 3930 196 3984 ad
213 3930 266 3984 lroc
283 3948 371 4002 usque
382 3942 489 4000 tempus
508 3933 647 4002 gessimus,
666 3948 756 4004 neque
775 3932 838 3985 ideo
864 3931 899 3982 ab
917 3931 1026 3985 Oceano
1045 3932 1099 3984 huc
1115 3930 1177 3983 bel-

83 4000 145 4053 lum
165 4010 289 4084 gerentes
316 4012 344 4055 et
362 4005 502 4055 vincenter
521 4003 707 4071 pervenimus,
729 4008 761 4053 ut
778 4020 906 4073 generum
924 4011 1046 4057 nostrum
1066 4010 1178 4070 propter

82 4072 194 4123 nefaria
211 4072 313 4141 flagitia
333 4091 349 4125 a
374 4074 504 4126 societate
522 4073 598 4141 regni
625 4073 800 4126 excludamus
823 4082 851 4125 et
863 4073 1021 4125 affinitatem
1040 4073 1097 4123 eius
1119 4070 1177 4122 dis-

82 4141 237 4205 solvamus,
264 4150 293 4196 et
314 4144 369 4196 vile
395 4143 561 4212 mancipium
580 4157 641 4194 cum
662 4143 721 4210 ipso
738 4144 768 4195 in
785 4145 931 4213 imperium
948 4137 1177 4195 introdrrcamus.¹'

81 4212 170 4264 Iussit
189 4211 274 4283 igitur
297 4211 553 4277 Mestrianum,·hac
577 4212 721 4282 legationis
744 4223 822 4332 parte
841 4214 955 4274 omissa,
974 4213 997 4261 si
1017 4211 1085 4281 quid
1101 4210 1177 4263 aliud

81 4281 171 4337 vellet
187 4299 319 4351 promere.
354 4283 390 4336 Et
405 4286 492 4337 visum
511 4292 553 4335 est
569 4281 715 4335 Valentem
732 4301 747 4334 a
786 4285 902 4352 imperio
921 4283 1049 4336 deiicere.

159 4350 198 4421 ri.
236 4353 407 4423 Magnentius
432 4363 460 4406 et
482 4352 609 4407 vetranio
644 4353 759 4406 mittunt
794 4354 896 4423 legatos
925 4352 960 4402 ad
979 4351 1175 4404 Constantium.

80 4420 235 4475 Mittuntur
255 4433 347 4477 autem
373 4425 486 4477 Rufinus
511 4431 540 4475 et
555 4424 746 4488 Marcellinus,
782 4422 829 4474 hic
847 4420 1000 4491 praefectus
1024 4423 1176 4492 praetorio,

80 4492 133 4546 ille
150 4493 265 4547 alterius
284 4495 397 4564 agminis
416 4492 528 4559 ductor,
547 4500 577 4545 et
593 4492 752 4547 Nuneehius
770 4492 887 4548 Senatus
904 4491 1049 4563 Princeps,
1071 4500 1101 4546 et
1117 4493 1176 4545 illa-

115 4595 279 4668 szs'ppus,
292 4597 442 4669 Eutropius
455 4609 508 4653 etc.
958 4610 978 4663 9
