2774 5106
381 558 649 626 annualium
676 565 883 632 nrsroam.
1093 543 1170 628 311

91 705 135 782 ὥς
154 704 312 793 διηνύσθη
323 711 416 775 πλέον
436 712 541 794 ούδέν,
562 716 699 801 διαφῆκε
717 717 772 791 τόν
791 720 954 804 Ταργίτιον
974 716 991 786 ὅ
1010 722 1173 806 βασιλεύς,
1186 735 1254 794 A.C.
1266 740 1318 809 5⁶9

88 804 222 893 εἰρηκώς
242 809 331 896 αύτηῖ
351 809 487 875 στέλλειν
515 813 615 877 ἐκεῖσε
640 818 785 899 Τιβέριον
805 817 1020 907 αὐτοκράτορα
1041 806 1279 927 στρατη-Ῑηυᾶκῖ
1290 879 1305 932 5

88 904 165 991 yo'r,
192 909 269 993 περί
295 910 355 972 τοῦ
374 908 489 987 παντὸς
520 911 808 998 διαλεχθησόμενον
831 919 887 982 καί
903 917 1117 1002 βεβαιώσοντα
1135 920 1175 988 ui
1196 886 1281 931 mum

89 1029 225 1072 εκαστα.

69 1122 89 1184 5
172 1104 225 1179 ις’.
257 1098 326 1171 Ὅτι
346 1099 426 1173 ἄλλα
446 1132 480 1174 τε
495 1109 595 1174 πολλὰ
617 1107 704 1176 αἴτια
721 1114 859 1197 ἐγίνοντο
878 1118 935 1179 τοῦ
945 1115 1323 1199 „altmarus-Astra

86 1206 194 1284 μαίων
212 1227 245 1269 τε
265 1209 483 1293 καίΠερσῶν,
504 1204 538 1274 τὸ
558 1210 734 1291 δὲμᾶλλον
762 1207 989 1298 ἆναπτεροὸσαν
1009 1187 1307 1313 Ἰονστῖνονιηῗιΐηὶηδ

87 1298 106 1365 δ
127 1305 255 1389 κινῆσαι
282 1304 361 1370 κατὰ
391 1311 528 1389 Περσῶν
553 1308 588 1375 τύ
610 1307 705 1386 ἐθνος
725 1308 756 1376 oi
780 1317 810 1376 Τ
807 1317 913 1397 ούρκοι
933 1316 1087 1398 ἐγένοντο.
1108 1319 1174 1382 οἵδε

69 1400 150 1487 σνύρ
180 1401 383 1487 ἐσβάλλοντες
413 1408 447 1481 ἐς
464 1406 522 1492 τήν
535 1407 695 1495 ’Μηδικὴν
715 1412 771 1495 τῆς
790 1435 825 1476 τε
845 1416 903 1496 γῆς
923 1411 1051 1496 ἐτεμον,
1073 1414 1174 1481 ἔστει-

82 1512 147 1566 inu
178 1503 215 1567 δὲ
243 1505 299 1568 καί
317 1503 360 1583 (ὃς
385 1505 553 1572 Ἰοοστϊνσν
572 1512 744 1595 πρεσβείαν
772 1511 825 1596 ἐφ’
854 1502 1179 1599 ᾦσσνεκπολεμῶσαί

32 1620 122 1695 loys
142 1595 244 1673 ούτδν
264 1605 427 1689 Πέρσαις,
448 1607 535 1693 κοινῇ
554 1631 589 1671 τε
609 1611 755 1673 καθελεῖν
775 1609 966 1686 ἐξαιτοῦντες
986 1605 1205 1698 οἷμφοτὲρωνῐ)

84 1697 158 1775 τούς
178 1702 362 1788 δυσμενεῖς,
392 1705 447 1769 καί
474 1709 537 1769 τῶν
561 1704 709 1788 Τούσκων
728 1711 850 1788 μᾶλλον
870 1702 1098 1775 οἶσιιιίσασθαι·
1119 1705 1175 1774 ού-

83 1824 129 1863 τω
150 1796 212 1885 γὰρ
235 1794 275 1865 δν
295 1805 336 1888 τῇ
354 1804 415 1882 μὲν
430 1803 615 1887 Ῥωμαίων,
636 1809 673 1893 τῇ
694 1808 730 1872 δὲ
756 1807 902 1892 Τούρκων
921 1811 1117 1891 ἐπιθεμένων
1140 1812 1178 1891 ἐν

82 1901 171 1987 μέσῳ
190 1896 229 1963 τοὶ
247 1905 386 1984 Περσῶν
407 1905 649 1988 διαφθαρῆναι.
690 1906 822 1982 ταύταις
841 1917 912 1986 ταῖς
932 1911 1055 1975 ἐλπίσιν
1074 1913 1173 1997 eapp-

82 2000 178 2078 μένος
205 2000 369 2076 Ἰοοστϊνος
399 2001 517 2090 ῥηιδίως
540 1996 618 2092 epieto
645 2002 705 2089 τήν
733 2009 872 2092 Περσῶν
901 2013 1174 2095 καταστρέψεσθαι

30 2098 222 2180 15δύναμιν
247 2101 303 2163 καί
331 2101 364 2175 ἐς
381 2098 416 2167 τύ
438 2099 483 2186 μη“
502 2097 584 2168 εἶναι
615 2103 812 2181 ξυνελύσειν.
854 2106 911 2172 καί
929 2101 1005 2190 σύν,
1035 2104 1078 2183 ιύς
1106 2103 1173 2174 οἷόν

81 2221 116 2261 τε
136 2190 197 2281 ἦν,
217 2197 251 2262 ἐν
271 2203 390 2286 βεβαίῳ
410 2203 490 2280 ἕξειν
510 2201 610 2267 αύτού
628 2190 691 2290 Ιτὴν
719 2200 798 2289 πρὸς
821 2203 981 2291 Τούρκοος
1003 2210 1113 2293 φιλίαν
1134 2201 1173 2269 δι’·

79 2320 184 2361 σαντα
203 2297 465 2383 παρεσκευάζετο.

165 2396 216 2474 ιζ.
248 2393 317 2463 Ὅτι
347 2390 445 2474 αὖθις
465 2395 496 2463 οἱ
514 2392 651 2486 ’Ἀβαροι
671 2402 844 2487 πρεσβείαν
864 2398 1009 2467 ἔστειλαν
1029 2400 1072 2477 uic
1086 2399 1171 2465 ‘Pro-

79 2498 214 2577 μαίοας,
235 2499 291 2561 καί
309 2497 384 2583 περί
402 2490 633 2581 ἐσταλκότες,
660 2502 737 2586 περί
755 2503 818 2567 τοῖν
838 2501 945 2565 αὐτῶν
964 2499 1171 2582 ἐπρεσβεύον-

36 2618 139 2666 noto.
163 2593 208 2671 ὥς
236 2598 273 2662 δέ
294 2592 387 2662 ούδέν
415 2595 573 2682 ύιτηκοσον
594 2596 625 2664 ot
648 2597 827 2681 Ῥωμαῖοι,
854 2598 909 2686 (ού
927 2596 987 2682 γὰρ
1006 2599 1264 2665 Ἰονστῖνονέιιύ

79 2692 136 2760 τὸν
166 2692 385 2782 αὐτοκράτορα
406 2688 517 2783 ἤρεσκε
524 2702 550 2784 ,)
580 2694 616 2763 τύ
644 2705 823 2764 τελευταῖον
842 2701 903 2764 τού
919 2692 1021 2781 Ἀψίχ
1042 2699 1075 2773 ἐς
1095 2721 1171 2781 πρε-

79 2795 194 2876 σβείαν
213 2794 410 2879 ἐληλυθότος,
432 2795 583 2885 ξυνήρεσε
600 2797 734 2887 Τιβερίῳ
753 2801 809 2863 καί
828 2808 896 2874 τοῖς
915 2797 991 2884 περί
1008 2790 1172 2880 τὸνἈψίχ

155 2963 176 2996 r.
196 2942 352 3009 διηνύσθαι
368 2947 440 3017 vulg.
530 2967 553 3018 η.
574 2951 624 3003 καλ
649 2951 773 3016 κινῆσαν
799 2948 831 3002 N.
936 2966 976 3004 rr.
994 2948 1043 2999 καλ
1059 2942 1093 2999 εδ
1113 2945 1171 3001 τοῖν

152 3015 225 3066 coni.
243 3017 276 3067 Ν.
329 3018 534 3076 narrantum
550 3022 621 3091 vulg.
1035 3050 1064 3061 ··

80 3168 171 3205 verear
190 3160 219 3205 et
234 3154 337 3206 malias
364 3154 514 3226 legationes
541 3172 622 3228 nuper
647 3155 690 3209 hir
720 3162 902 3208 commeantes
928 3154 1001 3207 nihil
1023 3154 1169 3224 quicquam

79 3227 207 3275 effectum
227 3233 312 3289 earet,
332 3227 484 3296 Targitiurn
503 3226 608 3278 dimisit
625 3229 791 3296 Imperator,
816 3235 844 3278 et
869 3226 913 3277 illi
938 3224 1023 3284 dixit,
1048 3241 1076 3275 εσ
1102 3223 1170 3274 illuc

78 3295 227 3347 missurum
252 3294 412 3360 Tiberium,
437 3299 486 3367 qui
508 3314 643 3349 summum
661 3298 690 3347 in
716 3299 836 3349 exercitu
861 3295 984 3348 hahebat
1009 3294 1169 3364 imperium,

79 3369 129 3435 qui
149 3364 184 3416 de
202 3365 329 3418 omnibus
349 3368 431 3418 robur
449 3376 555 3438 ageret,
573 3376 601 3418 et
619 3369 725 3437 ringula
743 3373 853 3436 pacaret
871 3373 900 3416 et
917 3366 1045 3418 firmaret

154 3432 193 3490 1'6.
230 3436 335 3488 Multae
356 3437 469 3506 quidem
489 3439 560 3490 aliae
580 3439 647 3489 belli
666 3455 764 3490 causae
782 3440 855 3490 inter
872 3437 1006 3488 Romanoa
1027 3441 1056 3484 et
1070 3434 1165 3488 Ρσειεε

78 3507 262 3569 exstiterunt,
282 3509 398 3560 maxime
416 3525 481 3562 vero
503 3510 654 3561 'lurcorum
673 3526 738 3576 gena
764 3506 877 3577 impulit
901 3507 1111 3576 imperatorem,
1134 3513 1166 3556 ut

77 3584 175 3628 contra
194 3577 286 3630 Perraa
304 3596 376 3631 arma
395 3586 524 3631 moveret
570 3581 678 3631 Etenim
702 3579 786 3630 Turni
810 3577 929 3629 Mediam
957 3578 1112 3628 invaserant
1137 3581 1166 3626 et

77 3644 241 3716 depopulati
259 3658 342 3702 erant.
379 3650 475 3719 ltaque
493 3649 627 3701 lustinum
646 3649 728 3700 mirra
747 3648 897 3718 legatione,
922 3654 953 3698 ut
976 3646 1080 3697 bellum
1101 3646 1165 3696 Per-

77 3719 116 3768 sio
137 3734 229 3770 recum
248 3719 390 3781 inferrent,
409 3736 465 3787 quo
484 3721 674 3772 communibus
692 3720 818 3772 hortibus
838 3720 923 3770 exitio
943 3726 1043 3780 errent,
1061 3715 1164 3767 sollici-

76 3785 183 3839 rabano
219 3791 327 3843 Etenim
345 3806 379 3841 ex
401 3808 455 3841 una
492 3799 550 3842 arte
569 3790 712 3853 Romanis,
737 3805 770 3840 ex
788 3789 874 3840 altera
893 3789 991 3840 Turcir
1010 3785 1163 3856 ingruenti·

75 3857 146 3921 bur,
165 3860 272 3924 Persae,
301 3861 398 3931 quiin
416 3806 507 3912 meaiio
527 3862 669 3913 constituti
695 3867 791 3922 erant,
821 3860 902 3911 facile
929 3856 1046 3928 opprimi
1074 3869 1160 3922 poue.

77 3928 181 3980 Harum
200 3947 289 3982 rerum
317 3932 417 3983 fiducia
443 3930 530 3982 elatus
556 3933 696 3994 lustinus,
720 3931 800 3982 facile
828 3928 887 3982 iore
913 3926 1101 3986 existimabat,
1128 3931 1160 3974 ut

76 3999 219 4051 Persarum
237 4001 390 4070 potentiana
414 4009 564 4064 everteret,
592 4010 620 4053 et
644 4000 678 4052 ad
699 4002 841 4052 interitum
863 3997 1019 4050 adduceret
1064 3995 1161 4075 ltaque

78 4077 214 4188 guantum
233 4072 262 4123 in
280 4073 330 4123 illo
349 4081 422 4135 erat,
446 4074 539 4123 omnia
557 4072 684 4135 curabat,
701 4087 757 4142 quo
775 4070 831 4122 sibi
850 4069 1002 4123 'lurcorum
1014 4065 1162 4115 amicitiam

98 4139 162 4190 dam
181 4149 210 4193 et
225 4149 312 4194 tutam
330 4150 508 4194 conservaret
562 4138 569 4153 “

154 4228 194 4280 ¹7·
218 4213 316 4265 Avares
336 4213 500 4280 legationem
520 4209 553 4261 de
571 4210 669 4263 iisdem
689 4211 779 4273 rebua,
798 4210 832 4263 de
845 4203 1163 4286 quiborsaepiuaantea,

78 4279 116 4331 εδ
133 4281 267 4334 Romanor
288 4285 437 4346 miserunt,
454 4283 498 4332 cui
513 4283 643 4349 legationi
659 4298 719 4332 cum
732 4281 845 4332 Romani
862 4279 976 4328 minime
991 4288 1070 4323 auree
1082 4288 1162 4354 prae·

77 4350 193 4405 herent:
219 4353 352 4423 (nondum
375 4352 447 4405 enim
466 4353 572 4403 Iustino
592 4352 757 4421 placueratt)
779 4350 889 4401 tandem
907 4340 1025 4425 Apriolro
1045 4341 1161 4410 legatio-

76 4437 144 4475 ασια
163 4422 298 4489 obeunte,
326 4423 455 4478 Tiberino
476 4431 505 4475 ot
521 4422 621 4494 Aprich
638 4424 669 4477 in
692 4436 724 4475 ea
749 4419 887 4476 eontentio
911 4420 1108 4476 contulerunt,
1130 4419 1161 4464 nt
