2738 5228
239 246 322 334 586
527 276 698 340 susurri
726 273 866 337 mansi
892 269 1039 336 uorsa
1089 269 1093 274 ⁷

128 444 155 498 P.
176 442 226 513 το4
325 429 612 515 Pag.18.·A.[s,73,
630 429 694 515 15.]
706 430 756 490 De
768 431 847 490 rubis
863 423 1092 514 copflagmtione
1108 437 1232 486 exorto.
1256 420 1332 482 Pri··

240 537 325 576 mum
356 514 435 575 illud
466 515 524 575 sub
559 517 660 574 Leone
698 515 742 573 lm
766 525 884 574 aratore
913 510 1087 572 incendium
1119 511 1222 590 regiae
1241 505 1324 565 urbis

240 592 387 660 fusissime
406 597 548 659 describit
573 598 724 679 Euagrius
744 536 801 657 lib.
819 617 849 656 2.
873 616 939 676 cap.
961 595 1028 654 13.:
1053 591 1089 653 ἐν
1112 592 1173 668 μὲν
1205 588 1251 674 τῷ
1271 590 1325 684 do:

241 681 315 765 ρείῳ
338 679 484 758 κλίματι,
509 680 543 741 ἐν
567 667 592 762 ᾧ
612 676 668 739 καί
686 674 799 760 νεώρια
822 676 878 758 τῆς
901 672 1020 748 πόλεως
1041 673 1235 735 καθεστᾶσιν
1256 668 1323 758 pino

239 765 296 825 τοῦ
320 761 512 840 καλουμένου
535 756 610 839 βοὸς
635 758 734 843 πόρου
758 759 853 841 μέχρι
875 757 930 820 τοῦ
951 757 1090 819 παλαιοῦ
1110 753 1324 822 Ἀπόλλανος·

240 845 274 906 έν
302 845 336 906 δὲ
358 845 402 929 τῷ
430 845 521 927 νοτίην
552 839 614 904 α’πό
644 844 701 904 τοῦ
725 842 905 905 Ἰουλιανοῦ
939 841 1064 918 λιμένος
1096 836 1198 919 μέχρι
1221 835 1324 898 οἰκιῶν

240 927 282 987 ου’
296 923 374 988 πολι)
400 927 550 1002 κειμένων
566 926 622 986 τοῦ
640 923 804 1008 εὖκτηρίου
821 925 877 1026 της
901 922 1027 1003 ἐπίκλην
1053 915 1203 998 ὁμονοίας
1221 919 1326 996 ἑκκλη·

240 1011 321 1082 σίας·
364 1009 398 1070 ἐν
425 1008 460 1070 δὲ
484 1010 527 1091 τῷ
548 1002 727 1092 μεσαιτάτῳ
742 1009 796 1088 τῆς
812 1012 930 1077 πολεως
945 1007 1035 1088 μέρει
1058 999 1119 1065 cini
1144 1002 1206 1064 τοῦ
1234 1002 1325 1099 Καν-

240 1093 399 1154 σταντίνου
433 1089 743 1171 προσαγορευομένου
774 1083 875 1173 φόρου
901 1087 998 1168 μέχρι
1028 1088 1084 1169 τῆς
1107 1086 1170 1148 τοῦ
1205 1102 1323 1162 ταυροσ

241 1174 433 1254 καλουμένης
447 1173 572 1252 α’γοριῖς.
615 1175 735 1251 Quibus
755 1196 790 1234 ac
808 1171 1056 1256 praecedentibus
1075 1173 1207 1230 maxime
1229 1166 1324 1228 verbis

136 1259 405 1340 Msotisigniiieat,
439 1279 530 1338 quam
559 1256 645 1317 foede
674 1268 806 1338 grassata
831 1260 870 1318 sit
896 1254 970 1315 haec
989 1255 1089 1315 clades
1114 1265 1145 1314 et
1181 1261 1323 1334 quantam

240 1342 325 1402 urbis
350 1351 467 1423 partem
500 1339 621 1400 flamma
648 1339 789 1422 populata
818 1341 868 1400 sit.
912 1339 1056 1399 Eiusdem
1081 1334 1323 1418 conflagrationis

239 1429 353 1486 mentio
372 1423 453 1504 apud
467 1423 605 1482 Priscum
619 1426 651 1482 in
672 1425 826 1504 Excerptis
841 1425 1039 1504 Legationum
1052 1442 1122 1503 pag.
1138 1419 1192 1499 43.
1203 1421 1245 1478 D.
1263 1415 1323 1476 edi·

239 1511 331 1568 tionis
345 1509 457 1588 regiae,
475 1517 503 1565 et
514 1505 709 1565 Marcellinus
719 1506 827 1567 Comes
841 1508 873 1564 in
886 1506 1017 1582 Chrom,
1030 1505 1180 1565 Basilisco
1198 1516 1227 1561 et
1245 1501 1322 1562 Her·

170 1602 174 1615 '
240 1593 384 1650 menerico
397 1590 490 1661 coss,
521 1588 579 1648 hoc
604 1598 657 1661 est,
681 1610 761 1648 auno
783 1589 895 1649 Christi
915 1587 1010 1666 465„
1041 1585 1323 1668 ammianopoltn

240 1694 347 1753 magno
381 1674 518 1731 ιἰιυαςασν
545 1671 678 1731 incendio
695 1673 839 1768 focr'eqroe
853 1672 1014 1752 ιῙλνειίσοααι
1033 1670 1240 1753 deplanxisse,
1264 1687 1323 1726 me·

239 1766 349 1815 morat.
403 1756 492 1813 Diem
529 1754 732 1834 praescribere
765 1754 886 1815 videtur
921 1755 1101 1814 Theodorus
1137 1753 1323 1834 Anagnostes

240 1840 370 1920 Magnae
384 1836 537 1898 Ecclesiae
553 1835 607 1897 lib.
629 1836 854 1898 1.Collectan.:
882 1831 1067 1917 ἐμπρησμὸς
1088 1833 1212 1915 ἐγένετο
1232 1834 1324 1913 μέγας

239 1921 279 2003 τῇ
311 1918 442 2004 δευτέρα
463 1918 521 1979 τοῦ
539 1919 753 2000 Σεπτεμβρίου
780 1915 880 2000 μηνὸς
909 1915 973 1979 οἷπό
994 1919 1051 1981 τοῦ
1075 1917 1210 1995 νεωρίου
1231 1907 1340 1996 ‹isid-²

239 2022 347 2080 μενος,
369 1998 424 2062 κατ’
443 1995 571 2084 φθάσας
594 2001 653 2073 ἕως
675 2002 733 2062 τοῦ
752 1997 925 2062 α’ποστὸλου
949 2001 1052 2080 Θωμιῖ
1074 2001 1131 2061 τοῦ
1148 1999 1321 2077 Ἀμαντίου.

240 2087 311 2162 Quo
332 2096 468 2167 tempore
490 2084 571 2146 idem
602 2095 749 2162 testatur,
781 2088 971 2146 Marcianum
1001 2087 1217 2147 Oeconomum
1240 2102 1322 2163 super

239 2169 356 2251 tegulas
380 2166 521 2228 ecclesiae
542 2178 662 2229 sauctae
683 2169 859 2228 Anastasiae
878 2169 1105 2240 conscendisse,
1135 2178 1167 2228 et
1187 2169 1320 2246 Euange·

239 2250 288 2312 liis
311 2273 403 2312 manu
423 2251 578 2332 prehensis
598 2251 739 2332 precibus
760 2251 952 2333 lacrimisque
972 2251 1121 2332 templum
1146 2251 1224 2311 illud
1245 2247 1319 2308 illae·

240 2355 308 2394 sum
329 2355 471 2397 servasse.
514 2334 629 2394 Eadem
651 2335 741 2393 hahet
761 2334 962 2416 Theophanes
983 2337 1013 2395 in
1037 2334 1194 2394 Chronico
1208 2333 1319 2393 iisdem·

240 2439 301 2498 que
322 2438 418 2498 paene
441 2416 553 2489 verbis,
577 2417 635 2477 hoc
656 2417 800 2478 duntaxat
820 2421 944 2499 insuper
968 2417 1084 2496 addito,
1106 2417 1193 2498 quod
1216 2416 1255 2476 ad
1274 2436 1317 2474 an·

161 2539 167 2548 .
239 2520 316 2558 num
349 2500 458 2558 Leonis
491 2501 632 2579 quintum
663 2511 753 2583 atque
783 2502 975 2561 indictionem
1006 2502 1103 2577 XV.,
1129 2502 1195 2560 sive
1216 2517 1317 2559 annun

240 2582 393 2643 Dominici
415 2580 526 2642 Natalis
549 2581 636 2660 46ι.,
652 2583 867 2644 incendiariam
889 2583 972 2644 illam
992 2584 1227 2666 populationem
1252 2581 1315 2642 refe-

239 2675 307 2741 rat,
331 2669 361 2726 in
384 2686 471 2744 quo,
493 2677 528 2724 ut
546 2666 651 2742 vides,
672 2667 871 2748 quadriennio
890 2666 1014 2727 dissidet
1033 2689 1052 2727 a
1072 2665 1249 2728 Marcellini
1267 2661 1316 2724 ml

239 2746 323 2808 culo.
365 2746 538 2809 Chronicon
569 2749 718 2809 Alexand.
749 2750 858 2833 duplex
888 2750 1046 2831 distinguit
1072 2751 1267 2824 incendium,
1292 2755 1315 2804 et

239 2832 374 2912 primum
395 2831 518 2911 quidem
538 2832 680 2892 accidisse
700 2833 792 2892 refert
812 2833 953 2894 Basilisco
965 2844 994 2893 et
1007 2833 1213 2894 Armenarico
1231 2833 1313 2902 Coss,

238 2926 307 2995 post
327 2915 391 2974 dies
414 2915 465 2973 30.
487 2915 526 2973 ab
555 2916 666 2975 iniusta
696 2916 786 2976 caede
811 2918 928 2993 Mense,
949 2915 1093 2999 praefecti
1116 2916 1263 2998 vigilum,
1286 2931 1314 2970 sc

238 2997 374 3056 vindicta
393 2998 526 3056 numinis
546 2997 743 3080 conflagrasse
771 3002 803 3059 iu
830 3001 907 3060 urbe
935 3010 1003 3059 octo
1023 3001 1163 3080 regiones
1190 3021 1222 3059 a.
1243 2998 1311 3077 Sept·

239 3077 296 3138 ier.
313 3077 345 3157 4.
372 3078 477 3138 ludict.
493 3081 564 3159 lll.,
588 3084 651 3157 (seu
670 3083 771 3162 potius
793 3083 874 3160 1V.‚)
895 3105 964 3143 cum
984 3081 1195 3142 celebraretur
1216 3090 1314 3141 memo·

237 3163 285 3221 ria
306 3161 339 3221 S.
353 3164 526 3223 Mamantis.
570 3162 709 3224 Alterum
721 3185 796 3224 vero
808 3166 900 3227 refert
920 3166 958 3226 ad
980 3185 1096 3225 annum
1109 3165 1227 3226 Christi
1241 3163 1314 3244 469,

238 3244 362 3304 Zenone
382 3255 413 3304 et
433 3247 588 3307 Marciano
610 3247 710 3324 Coss,
732 3269 793 3329 quo
814 3250 919 3310 arsisse
939 3247 1048 3308 urbem
1067 3248 1178 3308 scribit
1208 3269 1227 3308 a
1253 3242 1314 3305 mari

238 3326 278 3387 ad
299 3347 394 3387 mare.
439 3327 612 3412 Utrumque
637 3330 758 3391 ridetur
778 3332 946 3393 confudisse
958 3333 1114 3409 Zonaras,
1132 3332 1219 3413 apud
1238 3346 1315 3411 qum

238 3407 329 3492 leges,
352 3410 500 3493 Asparem
512 3422 584 3471 tunc
600 3433 652 3473 vas
673 3435 751 3495 aqua
773 3413 898 3496 plenum
919 3415 1051 3475 humeris
1074 3415 1227 3476 serentem
1246 3414 1315 3473 dous

238 3494 443 3575 percurrisse,
476 3493 625 3576 populum
646 3496 836 3564 cohortatum
859 3498 950 3560 fuisse
971 3508 1002 3559 et
1020 3497 1150 3580 singulis
1170 3513 1315 3559 nummum

239 3589 415 3658 argenteum
437 3599 493 3658 pro
514 3579 651 3638 mercede
669 3579 795 3640 dedisse.

321 3660 455 3743 Paga&
466 3662 506 3720 A.
520 3660 609 3745 [4ηό,
623 3661 686 3744 ιη]
699 3662 749 3722 De
765 3665 883 3724 Τιίἰσοο
899 3677 928 3722 et
937 3661 972 3723 V
968 3665 1081 3727 ieiuno.
1122 3660 1315 3747 seponendus

238 3741 316 3803 sorte
336 3766 392 3824 pro
413 3745 535 3804 Titiano
565 3746 726 3818 Tatianus,
775 3747 812 3806 de
839 3768 900 3828 quo
931 3747 1054 3807 Priscus
1094 3749 1264 3809 Historiam
1289 3748 1315 3804 iu

236 3824 392 3907 Excerptis
412 3829 611 3908 Legationum
631 3850 700 3911 pag.
716 3830 767 3930 η4.
792 3830 931 3890 editionis
949 3833 1069 3911 regiae:
1107 3821 1160 3892 ὅτι
1192 3828 1246 3893 ἐπὶ
1258 3825 1314 3890 Λὲ·

238 3925 324 3980 orror
348 3908 505 3986 βασιλέως
518 3907 689 3987 Ῥωμαίων
711 3906 918 3990 επρεσβεύετο
942 3907 1027 3989 παρά
1053 3913 1116 3991 μὲν
1141 3906 1314 3994 Βανιῐηλῡθς

235 3986 318 4072 ὑπὲρ
337 3990 470 4054 Ἰταλῶν
493 3989 647 4068 Τατιανός
672 3994 705 4054 ἐν
730 3996 768 4076 τῇ
793 3993 855 4055 τῶν
872 3992 1043 4071 πατρικίων
1062 3993 1139 4082 α’ξίρ
1162 3984 1314 4073 καταλεγέ-

235 4092 347 4150 μενος,
368 4097 445 4154 quae
463 4076 557 4136 verba
577 4078 690 4138 ibidem
711 4077 864 4137 habentur
883 4100 914 4160 p.
931 4076 983 4155 45.
994 4079 1034 4138 D.
1082 4081 1236 4143 Vivianus
1256 4095 1314 4138 ret>

237 4156 301 4216 sive
328 4156 471 4219 Bibiunus
492 4179 572 4220 anno
584 4160 736 4222 Dominici
750 4160 865 4222 Natalis
878 4160 966 4242 463,
981 4162 1053 4225 lnd.
1071 4184 1112 4246 1.,
1128 4187 1202 4226 cum
1217 4161 1313 4236 Felice,
