2774 5122
478 656 740 729 maalmam.
1059 623 1141 754 il}

149 821 191 906 η’.
226 819 262 886 ‘0
274 820 310 884 δὲ
323 814 521 896 ἐπετοξάζετσ
539 813 621 880 κατά
639 817 699 878 τοῦ
718 812 902 897 βαρβάρου,
921 811 978 875 καί
986 810 1074 892 μάλα
1095 811 1245 878 ert-nant

65 918 252 1005 στοχάτατα
271 914 308 983 cd
332 919 426 1002 κέρας
446 917 583 991 ἐκτείνας
604 914 720 1001 άφίῆσι
739 910 794 979 τὸν
820 905 974 999 ἄτρακτον
995 906 1073 976 κατά
1093 914 1153 976 τοῦ

66 1021 181 1103 ring·
208 1016 243 1084 τά
265 1020 301 1082 δὲ
320 1019 411 1098 βέλος
433 1009 629 1104 άνειργμένον
649 1012 843 1100 προφθάσαν
866 1009 902 1076 ed
924 1009 1051 1094 στόμα,
1073 1008 1154 1074 ε’κεῖέ

66 1145 104 1185 σε
125 1115 280 1202 ἐμπεσὸν,
302 1118 477 1182 κατέπαυσε
500 1116 558 1199 τῆν
578 1116 709 1197 πτῆσιν·
750 1114 806 1178 καί
823 1109 862 1195 dr}
886 1108 902 1177 ὃ
922 1106 1006 1193 Κάχ
1027 1102 1153 1174 ιδθυωὲ

45 1202 126 1305 5ρόν
147 1219 279 1301 άπεβίω.
300 1241 367 1281 υσο.
390 1209 546 1302 άτρακτον
557 1264 567 1295 ,
588 1209 754 1299 ιδθυωρόν
774 1229 803 1276 et
822 1208 917 1294 Κάχ.

149 1313 191 1382 θ’.
234 1313 368 1382 Malloia
390 1311 433 1391 οἷς
453 1323 523 1390 ταῖς
543 1306 604 1398 ἤδη
618 1307 680 1374 άπὸ
704 1311 871 1395 Ζαχαρίου
894 1304 1153 1388 δοκιμασθείσαις

65 1419 218 1492 σπονδαῖς
251 1419 291 1480 οδ
319 1417 487 1501 στέργουσι
510 1409 679 1494 Ῥωμαῖοι,
700 1413 856 1497 ἐπαφίησι
876 1404 933 1472 τὸν
957 1401 1151 1491 Ταγχοσδριδ

64 1513 144 1582 κατά
162 1518 219 1601 τῆς
237 1514 403 1596 Ῥωμαίοον
423 1511 630 1601 ἐπικρατείας.
672 1536 738 1576 voc.
762 1505 948 1591 δοκιμάσας.

146 1614 176 1681 ί.
212 1616 250 1682 ‘0
271 1616 306 1679 dd
331 1610 586 1699 Ταγχοσδρά,ὄ
616 1615 674 1678 τοῦ
695 1607 844 1697 Χοσράου
865 1602 1054 1694 στρατηγδς,
1077 1601 1154 1688 origi

24 1709 237 1802 ῐῠὲλέφαντάς
263 1738 299 1779 τε
319 1715 375 1779 καί
394 1707 549 1799 ἀγροίκων
569 1707 679 1795 δμιλσν
699 1712 756 1776 καί
773 1709 864 1794 ἕτερα
892 1699 974 1772 άττα
996 1701 1152 1794 φάβητρα,

64 1812 175 1903 κόμπῳ
196 1815 255 1897 μὲν
276 1808 436 1900 ἁρμόδια,
458 1811 570 1899 ἔνεργά
590 1836 625 1877 τε
646 1809 702 1876 καί
720 1811 860 1894 ἐμβριθῆ
881 1808 1049 1890 οδδαμιὸς,
1068 1800 1151 1870 cittii

62 1914 140 1988 τοδς
159 1911 407 1997 μαχιμωτάτους
425 1937 460 1979 τι
480 1911 537 1977 καί
556 1910 939 1995 εδοπλοτάτουςάγειρας,
960 1903 1102 1992 πλήθους
1116 1925 1152 1968 τι

61 2014 192 2098 α’γενυῦς
212 2011 417 2097 ἀντάλλαγμα
436 2009 511 2089 τούς
531 2011 571 2077 τά
582 2013 719 2096 πολέμια
741 2007 862 2085 δεινούς
882 2007 1062 2098 ἀποκρίνας.
1082 2029 1149 2070 voc.

61 2112 204 2198 ἐμβριθῆ
227 2114 304 2178 νοῦν
323 2130 353 2178 et
377 2109 581 2198 Ταγχοσδρά.
1242 2107 1246 2112 ’

22 2204 61 2268 ¹5
146 2214 218 2277 Κατ’
242 2205 349 2288 αὖθις·
400 2207 529 2279 ἑστάναι
557 2234 591 2279 το
623 2212 860 2299 ἐμβριθέστατα
890 2208 946 2273 καί
978 2199 1152 2288 ἐπαμύνειν

60 2312 103 2399 τῆ
122 2310 221 2375 πόλει.
261 2315 364 2376 itidem
382 2338 409 2377 r.
437 2337 502 2377 voc.
542 2313 684 2398 ἐμβριθῆ
702 2312 787 2382 νοῦν.

145 2410 199 2474 ια’.
214 2409 254 2476 Ὅ
271 2414 306 2477 δὲ
320 2409 447 2495 ῆγεμάν
466 2414 501 2477 ἐν
532 2407 583 2476 ἑνί
599 2411 662 2475 τῶν
682 2404 761 2473 ἑπτά
785 2403 892 2492 λόφων
907 2400 1058 2485 tratactu,
1078 2401 1151 2467 ἒπε-

62 2509 173 2586 θιίαζσ
195 2505 317 2596 ρ’ῆμασι
328 2506 522 2597 βαρβάροις,
543 2512 600 2575 καί
616 2511 726 2596 γαυρῷ
745 2508 788 2598 τῷ
810 2504 992 2594 φρονήματι
1011 2507 1151 2588 μεγαλη-

63 2609 154 2696 γορίρ
174 2611 301 2695 ἐχρῆτο.
343 2635 410 2675 voc.
432 2610 608 2688 ἑπεθείαζε.

18 2727 60 2773 20
147 2705 198 2789 ιβ.
244 2709 283 2775 Οἱ
305 2701 493 2796 δὲἈβαροι
512 2706 591 2774 κατά
611 2706 738 2795 τῆντσιῖ
757 2707 897 2790 πολέμου
914 2701 1035 2792 κίνησιν
1055 2698 1244 2786 etad-nato

58 2809 152 2871 λοντο
172 2798 250 2891 ἦχον
281 2810 402 2894 ἐγεῖραι
431 2809 571 2895 ξυμμιγῆ
589 2832 626 2872 τε
651 2812 708 2874 καί
735 2799 865 2893 άγριον,
887 2801 936 2872 ἔτι
957 2806 993 2870 δὲ
1013 2796 1070 2869 adv
1091 2800 1148 2878 ξὺν

56 2907 107 2995 τῷ
126 2903 326 2992 άλαλάγματι
346 2909 560 2996 ἐπιδουπῆσαι
579 2917 645 2986 τοῖς
662 2907 856 2991 τυμπάνοις,
878 2901 963 2983 ὅπως
983 2899 1025 2972 άν
1044 2907 1078 2981 ἐς
1096 2899 1157 2969 cn?

126 3060 152 3112 6.
171 3057 316 3110 Menandri
335 3057 403 3110 haec
426 3075 495 3124 erre,
512 3076 597 3131 qnam
614 3061 674 3114 rinc
691 3060 810 3114 auctorit
829 3060 943 3114 nomine
959 3057 1067 3128 prolata
1080 3056 1154 3123 rint²

127 3131 268 3198 perspexit
284 3131 418 3183 Valeriae·
502 3148 526 3200 ρ.
547 3127 599 3184 τδν
615 3121 738 3200 Χοσδρά
757 3132 829 3200 vulg.
904 3145 943 3183 ιι.
962 3117 1065 3196 ἐνεργά
1091 3141 1146 3179 Μ.

130 3195 324 3271 Ταγχοσδρώ,
341 3200 451 3270 ἐναργῆ
472 3217 495 3258 ι.
511 3217 536 3253 v.
554 3202 679 3273 ἐμβριθῆ
698 3203 779 3259 νοῦν.
852 3199 892 3256 ιδ.
925 3201 984 3255 Hoc
1009 3199 1146 3267 fragmen-

125 3275 186 3321 tum
200 3270 345 3324 Menandri
369 3284 428 3323 esee
446 3271 581 3324 affirmare
599 3289 656 3325 non
674 3273 773 3325 ausim.

127 3416 154 3469 8.
189 3413 243 3470 Ille
260 3431 325 3469 vero
344 3431 435 3468 arcum
458 3416 487 3467 in
508 3415 656 3469 barbarum
684 3415 846 3478 intendent,
868 3415 939 3466 iactu
970 3409 1045 3465 haud
1071 3427 1143 3467 rann

56 3487 184 3555 ragittarn
203 3488 233 3538 in
253 3485 374 3540 Cochurn
393 3487 493 3539 emieit.
529 3488 610 3540 Porro
628 3486 733 3549 telum,
758 3503 819 3538 cum
838 3502 888 3554 per
907 3491 1081 3551 arepertum
1097 3485 1144 3537 ln.

57 3564 175 3620 teneret,
194 3557 224 3607 in
242 3565 352 3626 gutture
370 3556 468 3610 haesit
505 3558 612 3611 Cochur
629 3573 693 3610 vero
713 3559 805 3610 rtatim
823 3557 880 3608 vita
900 3555 1024 3608 excernit.

126 3646 152 3696 9.
190 3626 335 3696 Comperto
359 3628 493 3682 Romanor
515 3646 571 3682 non
588 3630 762 3701 requieturos
787 3626 896 3696 legibnr
913 3625 1044 3689 loedcrir,
1066 3626 1146 3698 qnod

56 3696 198 3750 Zachariar
217 3700 367 3761 rancierat,
384 3698 590 3753 Tanehordrnm
607 3699 757 3770 provinciir
775 3698 902 3750 Romania
919 3696 1052 3750 immittit.

131 3784 172 3820 ιο.
209 3767 386 3821 Tanehordro
407 3779 497 3822 autem
507 3810 515 3836 ,
533 3771 662 3823 Chorrn'r‘r
682 3772 823 3841 copiarum
841 3768 913 3831 dux,
931 3784 988 3821 non
1006 3765 1142 3837 elephan-

54 3843 96 3888 taa
114 3839 280 3910 turbamque
299 3840 473 3905 rusticorum,
492 3850 521 3895 et
538 3841 619 3894 huius
639 3844 745 3912 generis
763 3840 996 3902 terriculamenta,
1005 3837 1038 3889 ad
1049 3847 1143 3890 orten-

53 3910 188 3961 tntionem
227 3909 320 3962 uidem
345 3918 428 3981 apta,
442 3928 538 3964 rerum
555 3913 633 3964 nullo
651 3912 733 3965 modo
751 3912 829 3964 firma
850 3919 879 3963 et
896 3926 999 3971 return,
1020 3908 1142 3977 collegit,

53 3978 103 4030 sed
120 3982 192 4033 viror
208 3929 356 4033 {ellicoroc
375 3989 404 4034 et
423 3983 529 4052 egregie
547 3989 681 4035 armatos:
706 3982 815 4037 relectir
832 3979 895 4046 hir,
921 3983 971 4054 qni
988 3981 1019 4032 in
1034 3994 1064 4032 re
1080 3978 1143 4032 bel·

52 4049 106 4100 lica
126 4052 294 4104 excellerent
309 4052 429 4105 imbellis
446 4052 633 4106 multitudinis
652 4054 721 4109 loco.
958 4057 964 4067 ’

123 4121 160 4173 Et
177 4141 287 4175 rursus:
324 4124 454 4176 Firmiter
474 4133 545 4177 ctare
563 4124 592 4175 in
610 4124 679 4190 acie,
699 4133 728 4178 et
745 4139 864 4195 pugnare
884 4139 934 4192 pro
952 4118 1105 4174 moenibda.

129 4209 168 4244 rr.
204 4194 267 4244 Dux
285 4210 350 4245 vero
369 4193 399 4245 in
421 4211 507 4245 unum
527 4211 543 4246 e
561 4202 667 4263 reptem
686 4194 805 4251 collitur
824 4191 993 4254 conscendit,
1014 4199 1044 4243 et
1068 4191 1141 4257 lym·

50 4261 158 4331 phatici
177 4262 263 4315 instar
280 4264 396 4316 barbara
413 4266 497 4318 rerba
522 4265 705 4336 proloquens,
732 4263 867 4321 incolenti
890 4263 962 4316 iaetu
988 4261 1141 4315 orationem

51 4333 201 4386 iactantiae
221 4336 331 4403 plenam
348 4334 457 4387 habuit

127 4421 166 4457 aa.
203 4407 303 4459 Avares
329 4412 420 4458 autem
446 4405 498 4459 rub
521 4406 632 4459 initium
654 4405 756 4476 proelii
781 4404 920 4455 diernnnrn
945 4407 975 4454 et
996 4400 1140 4455 horridam

51 4477 199 4527 clamorem
220 4475 319 4529 tollere
327 4513 338 4538 ‚
363 4484 393 4529 et
409 4494 469 4528 carn
486 4478 598 4530 fremitu
616 4477 720 4530 bellico
740 4482 869 4557 tympana
892 4488 1003 4544 qaoque
1029 4473 1139 4542 patrare

51 4553 221 4613 maluerant,
240 4554 271 4600 nt
288 4547 404 4618 inopino
424 4548 475 4603 illo
492 4546 705 4622 vehementique
723 4554 840 4618 rtrcprtn
853 4544 987 4598 nomano·
1004 4543 1139 4617 percrtte·
