2774 5122
355 603 382 667 n
409 600 621 669 umanum
652 547 857 670 rnsroursss
1065 557 1177 690 393¹

69 755 243 839 ὁΠερσοὸν
263 757 484 821 καταλέλοιπεν
503 758 538 821 ἐν
558 760 602 846 τῷ
614 754 724 843 Δάρας
743 761 784 844 τῇ
812 754 903 825 πόλει
931 755 1007 834 roris
1032 779 1068 822 τε
1095 754 1288 842 τόνλ.0.’5γ6

67 851 171 942 ἄνδρα
200 848 348 937 άξοντας,
378 855 656 939 ἐγκελευσάμενος,
678 854 755 922 ἔνθα
775 851 816 921 άν
842 854 977 938 μάθοιεν
1004 854 1059 922 τὸν
1090 844 1258 970 ilo-{ndi}

67 958 160 1021 σιλέα
189 947 286 1034 εἶναι,
319 957 577 1037 εἰιικαταλαβεϊν,
607 956 651 1031 ὥς
677 950 716 1021 dv
743 953 788 1039 μή
825 956 1065 1040 resternatur
1082 955 1151 1021 ’ἐπὶ
1175 930 1205 968 “⁵
1249 931 1301 971 Μ’

64 1056 244 1140 πρεσβευτῇ
263 1051 415 1138 πράσσων
436 1054 576 1142 ἀναβολή
595 1051 746 1140 χρήσαιτό
766 1078 845 1122 τινι..
879 1050 948 1137 άμιι
968 1054 1030 1141 γάρ
1050 1051 1149 1140 rideri*

45 1159 139 1227 5λετο
180 1151 237 1217 καί
274 1155 424 1234 πολέμοις
455 1151 577 1235 ὁμιλεῖν
605 1159 661 1219 καί
692 1157 845 1237 δέχεσθαι
874 1153 934 1239 τήν
963 1157 1159 1240 πρεσβείαν·’

66 1248 170 1340 ταάτη
190 1248 249 1337 γάρ
270 1251 459 1337 ἐκφοβήσειν
473 1242 550 1340 ᾤετο
562 1256 596 1330 ἐς
609 1252 650 1317 τά
664 1249 804 1336 μάλιστα
815 1250 1007 1335 Ῥωμαίους.
1048 1256 1092 1340 τῷ
1103 1275 1170 1317 τοι

67 1342 132 1439 άρα
152 1352 212 1434 τήν
233 1345 413 1437 ὁδοιπορίαν
444 1348 598 1427 διανύσας
629 1350 682 1417 διά
703 1357 761 1417 κου’
781 1357 948 1436 λεγομένου
966 1352 1244 1439 Ἀρίβεστοὸνναον

66 1452 217 1531 κλίματος
238 1447 371 1514 καὶτοῦ
390 1453 608 1534 Μαρεπτικιὸν
632 1451 761 1538 άφίκετο
781 1453 816 1517 ἐν
829 1453 1074 1539 Περσαρμενίρι,
1096 1445 1153 1515 orias

68 1549 221 1630 οἰομένων
240 1552 303 1614 τῶν
326 1549 499 1630 Ῥωμαιων
526 1547 609 1616 σὸτω
629 1575 665 1634 γε
686 1548 786 1636 δήπου
808 1555 922 1617 θᾶττον
941 1547 1028 1636 ἥξειν
1049 1545 1158 1617 adrias

25 1645 229 1723 ιοείωθάτων
247 1646 309 1733 γάρ
329 1651 392 1713 τοῖν
412 1653 552 1734 Περσῶν
571 1652 607 1717 ἐν
633 1660 699 1727 τοῖς
719 1648 900 1737 ἔμπροσθεν
918 1646 1043 1735 χράνοις
1064 1648 1152 1736 ἀμφὶ

65 1742 103 1813 τά
124 1747 224 1832 πέρας
249 1755 308 1812 τοτ’
325 1746 382 1833 τήν
409 1751 591 1831 ἐπωνυμίαν
621 1747 807 1833 Αδγοάοτου
828 1749 1069 1837 κληρωσαμένου
1086 1761 1182 1835 μη-λ)

66 1843 121 1921 νάς
141 1840 379 1933 άναφαίνεσθαι
399 1845 479 1914 κατά
497 1848 537 1933 δή
558 1855 615 1934 τῆς
635 1852 775 1935 Περσῶν
791 1843 958 1935 Ἀρμενίας
986 1853 1043 1915 καί
1067 1873 1154 1934 τηνι-

67 1948 169 2011 καῦτα
188 1944 244 2012 τὸν
262 1942 398 2028 πόλεμον
419 1959 616 2033 συγκροτεῖν,
636 1947 830 2034 προτερήσας
850 1943 946 2025 αάτὸς
967 1947 1155 2037 εἰσήρρησεν

66 2043 195 2110 osiride.
237 2050 413 2131 ξυνηνέχθη
444 2051 612 2132 τοιγαροῦν
642 2045 728 2127 άπαξ
757 2052 1082 2134 προκατειλημμένους
1102 2044 1158 2112 καί

27 2141 340 2230 ι5ίφυστερήσανιας
376 2142 449 2221 ταὸς
477 2146 661 2228 Ῥωμαίους
693 2151 734 2212 δι’
765 2142 841 2211 ὁλσυ
870 2151 929 2211 τοῦ
949 2144 1039 2222 ἔτους
1060 2147 1154 2211 οὐδὲν

67 2240 270 2329 ὁτιοὸνσφᾶς
285 2240 523 2329 διαπράξασθαι
539 2243 573 2311 ἐν
594 2248 703 2334 καιρῷ.
744 2239 816 2311 οὔτε
836 2243 896 2332 γάρ
912 2243 946 2311 τά
969 2243 1158 2330 στράτευμα·

65 2339 273 2426 ξυνήθροιστο
305 2341 342 2407 τὸ
371 2339 588 2426 Ῥωμαϊκὸν,
607 2348 675 2410 ἀλλ’
697 2343 727 2410 οἱ
756 2349 816 2428 μὲν
835 2344 910 2429 περὶ
929 2347 1079 2429 Κοάρσον
1098 2343 1157 2407 καὶ

67 2438 235 2524 Θεόδωρον
255 2438 330 2517 roric
349 2443 552 2527 στρατιώτας,
574 2442 683 2529 ἐπειδή
707 2446 816 2521 αάτοῖς
836 2440 1017 2527 ἀπήγγελτο,
1040 2442 1082 2518 ιὸς
1102 2463 1153 2506 νε-

66 2545 148 2627 μεσᾷ
166 2564 202 2604 τε
222 2539 277 2606 καί
297 2543 469 2625 άγανακτει*
485 2540 502 2606 ὁ
520 2547 671 2626 Καῖσαρ,
693 2540 745 2608 ὁτι
766 2541 804 2627 δή
827 2540 1010 2626 ἐσβαλόντες
1030 2545 1064 2607 ἐν
1078 2540 1154 2607 Ἀλ-

26 2643 162 2727 αοβανίρ
190 2638 235 2724 μή
265 2640 441 2725 ἀνέστησαν
473 2637 615 2719 ἅπαντας
634 2647 809 2728 Σαβείρους
827 2665 861 2707 τε
887 2640 942 2706 καὶ
957 2637 1153 2725 Ἀλβανοάς,

69 2737 137 2801 ἀλλ’
159 2732 207 2802 ὁτι
226 2734 356 2824 ὁμήροις
375 2737 562 2817 πεποιθότες
582 2739 797 2829 ἐξεχώρησαν·
836 2737 1057 2825 κατεγνωκότες
1068 2763 1101 2805 τε
1121 2741 1157 2818 ἐξ

70 2836 170 2922 αάτής
189 2841 242 2921 τής
257 2841 389 2924 πείρας,
418 2841 461 2928 τῷ
482 2831 658 2927 άφηνιάσαι
691 2835 805 2906 αὐτίκα
824 2839 886 2907 άπὸ
906 2836 1080 2922 Ῥωμαίων
1099 2836 1247 2922 sisinio

136 2990 161 3028 a·
179 2971 421 3046 ἐγκελευσάμενος
437 2976 477 3040 B,
494 2974 634 3045 λγκαλεσά
658 2990 722 3037 evoe
738 2976 810 3047 vulg.
883 2976 921 3030 15.
938 2973 1156 3047 δφοστερήσακ·

136 3061 187 3103 τας
204 3045 274 3115 vulg.
349 3065 388 3116 ¹7·
406 3050 474 3117 περλ
494 3064 546 3098 om.
569 3048 610 3100 ed
649 3063 686 3101 ar.
785 3052 826 3104 sd.
844 3043 1018 3119 στρατηγοὺς
1034 3046 1104 3099 coni.
1124 3045 1153 3096 ll.

137 3113 299 3186 ἀπήγγελτο
320 3115 359 3181 tt,
374 3116 561 3188 ἀπήγγελλον
576 3118 648 3189 vulg,

66 3229 77 3279 i
99 3243 129 3280 se
140 3243 173 3280 eo
187 3226 222 3278 ad
232 3227 262 3280 ld
272 3228 522 3298 mitteret,agerent
531 3234 559 3281 et
568 3229 765 3281 controversias
779 3227 948 3281 dirimerent
961 3223 1054 3294 Quum
1063 3222 1155 3278 Theo·

90 3315 155 3351 orus
175 3297 209 3350 ad
226 3300 313 3352 Daras
332 3299 508 3362 accessisset,
524 3300 662 3352 Persarum
678 3316 726 3352 rex
744 3299 784 3350 ihi
802 3299 960 3370 reliquerat,
978 3295 1099 3366 quicum
1117 3311 1151 3348 eo

66 3368 244 3432 deducerent,
262 3369 311 3421 nbi
328 3386 419 3440 regem
436 3369 596 3422 commorari
616 3369 821 3439 comperissent,
838 3385 884 3431 ne,
895 3368 952 3419 ulla
972 3383 1011 3428 re,
1024 3382 1094 3437 quae
1112 3366 1154 3418 le-

67 3448 128 3510 gato
148 3443 282 3509 praestari
301 3441 425 3502 solebat,
444 3440 566 3502 omissa,
596 3456 699 3492 moram
724 3440 766 3493 illi
791 3439 902 3493 iaceret.
938 3435 1057 3489 Volebat
1081 3437 1157 3489 enim

66 3510 151 3560 simul
168 3507 272 3562 bellum
289 3525 382 3580 gerere
398 3519 426 3562 et
450 3510 615 3580 legationem
638 3513 785 3580 excipere:
812 3512 851 3563 sic
876 3508 949 3561 enim
975 3525 1005 3561 sc
1029 3507 1157 3561 Romanis

66 3587 200 3632 terrorem
221 3582 386 3632 iniecturum
403 3596 463 3631 esse
480 3581 615 3651 sperabat.
651 3581 714 3650 Qua
733 3581 768 3633 de
787 3595 867 3633 causa
887 3594 948 3632 cum
969 3579 1024 3631 iter
1046 3595 1095 3647 per
1111 3595 1158 3631 re·

68 3651 197 3721 giouem,
216 3667 286 3720 quae
305 3651 464 3702 Arestorum
481 3659 509 3703 et
532 3651 741 3720 Marepticornm
760 3651 876 3714 dicitur,
901 3647 1025 3712 fecisset,
1047 3649 1078 3700 in
1095 3649 1159 3701 Per·

68 3722 233 3774 sarmcniam
252 3723 394 3791 pervenit,
418 3722 626 3791 inopinantibus
647 3723 791 3785 Romanis,
810 3724 859 3793 qui
875 3728 930 3772 tam
950 3722 1006 3773 cito
1021 3733 1054 3772 eo
1073 3718 1155 3769 illum

66 3799 280 3861 perventurum,
308 3808 448 3863 nunqnam
472 3792 658 3845 credidissent
710 3792 843 3845 Solebant
865 3791 938 3844 enirn
958 3792 1054 3843 Persae
1076 3796 1157 3839 antea

68 3864 142 3914 circa
168 3863 250 3913 finem
272 3863 386 3925 mensis,
406 3864 455 3933 qui
477 3864 580 3916 Latinis
605 3869 716 3914 vocatur
741 3862 894 3931 Augustus,
915 3863 946 3913 ia
971 3858 1158 3913 Persarmeuia

68 3948 84 3984 a
105 3949 221 4001 parere,
245 3939 274 3984 et
291 3932 356 3985 inde
378 3935 412 3985 ad
435 3934 537 3986 bellum
562 3935 683 4003 accingi:
708 3951 781 3985 nnuc
808 3940 900 3986 autem
922 3931 1058 3984 chosroes
1080 3926 1157 3996 prius

68 3949 138 4054 ibae
153 4004 273 4055 accessit.
311 4001 419 4056 Accidit
434 4011 534 4065 autem,
554 4013 585 4056 ut
603 4004 717 4055 Romani
734 4005 819 4055 semel
838 4001 995 4071 praeventi,
1018 4015 1078 4050 cum
1102 4004 1159 4048 sar-

69 4073 132 4126 dius
154 4074 236 4126 rebus
257 4075 313 4124 suis
334 4074 547 4143 prospexissent,
568 4073 641 4125 nihil
662 4082 721 4125 toto
746 4074 821 4126 illins
838 4074 903 4125 anni
924 4071 1013 4141 spatio
1038 4067 1159 4121 feliciter

69 4153 100 4197 et
126 4153 280 4214 opportune
310 4150 442 4214 gererent
489 4144 546 4196 Nec
569 4146 642 4196 euim
667 4146 802 4197 exercitus
825 4144 1005 4195 Rornanorum
1028 4139 1158 4190 collectus

70 4221 148 4278 erat;
176 4213 225 4268 sed
247 4213 401 4277 militibus,
427 4213 475 4285 qui
505 4214 555 4266 sub
578 4213 665 4266 Curso
696 4220 724 4266 et
743 4213 889 4266 Theodoro
911 4209 1061 4270 merebant,
1086 4224 1160 4258 nnu-

68 4284 170 4337 ts'sturn
194 4295 262 4345 erat.
285 4287 476 4353 Imperatorem
501 4286 599 4336 iratum
622 4302 681 4336 esse
698 4292 843 4352 propterca
867 4281 941 4352 qnod
965 4282 995 4332 in
1015 4275 1161 4331 Albaniam

70 4357 222 4419 irruentes,
250 4356 359 4408 διελεῖται
385 4361 412 4407 el
435 4355 555 4407 Albanos
577 4372 633 4406 non
652 4355 762 4423 penitus
783 4354 958 4405 sustulissent
980 4357 1009 4401 et
1027 4348 1160 4400 extermi-

69 4434 199 4489 nassent,
227 4425 275 4478 sesi
299 4424 442 4478 obsidibus
468 4427 562 4478 c'onlisi
578 4425 784 4477 discessissent:
807 4421 881 4496 quod
902 4436 984 4491 quarn
1004 4418 1162 4488 impruden·

70 4503 114 4551 ter
126 4497 255 4564 iecerint,
272 4498 346 4569 ipsos
361 4512 394 4550 ex
414 4503 514 4557 creatu
536 4498 676 4569 cognitum
694 4493 815 4550 babere:
833 4493 935 4549 etenim
951 4489 1095 4548 confertius
1112 4489 1163 4544 Ss-
