2738 5228
243 236 324 323 562
524 257 694 325 reintrat
725 255 862 322 manat
891 254 1026 322 noras
1061 223 1063 227 ’

241 421 346 482 αιδιάν
369 421 447 479 verti
475 416 580 478 debuit
616 437 677 476 non
710 418 764 499 qni
794 416 940 490 deamat,
976 414 1027 473 sed
1060 413 1114 497 (μα’
1144 411 1320 476 ΡΙαααίιὶυα

240 505 329 566 duait
352 523 493 574 tenorum,
516 522 595 560 anno
617 499 729 559 scilieet
748 498 889 558 dominici
912 497 1018 559 natalis
1039 495 1110 577 4¹7·

248 620 251 625 ·
322 566 445 667 Pagi
461 589 502 646 A.
526 579 670 666 [450‚9.]
693 583 902 661 liltoelogaisrn.
944 577 1045 660 Vulgo
1065 571 1253 661 Radagaisns
1272 591 1322 641 aut

240 669 444 750 Rhadagaisus
465 668 576 727 dicitur
595 676 697 725 sancto
709 666 891 747 Augustino,
914 664 1062 744 Prospero
1075 664 1217 744 utrique,
1241 663 1323 723 Mar·

240 753 367 829 aellino,
397 751 575 811 Cassiodoro
596 747 731 830 aliisque.
775 749 902 808 Orosius
922 746 1002 805 hune
1019 745 1160 811 ,omnium
1181 749 1247 805 anti

240 843 308 896 rum
330 836 590 916 praesentiumque
615 831 748 891 hostium
770 830 857 912 longe
889 831 1140 888 immanissimum
1168 767 1323 910 appeHii,

240 923 313 1002 qui,
345 928 379 977 ut
408 938 473 977 mos
504 916 661 987 barbaris,
693 916 818 973 Romani
840 915 956 995 generis
976 912 1153 993 sanguinem
1173 913 1243 972 Diis
1263 914 1322 974 suis

240 1003 402 1084 propinare
422 1001 604 1060 decreverat.
1306 1019 1310 1027 1

325 1085 402 1163 Pag.
425 1082 455 1144 5.
479 1082 519 1141 A.
545 1080 631 1164 litio,
654 1073 699 1161 9.]
722 1076 917 1162 κεφαλιῶται
947 1068 1112 1154 ὄπτιμᾰτοι
1139 1074 1319 1139 ἐκαλοῦντο.

240 1167 412 1229 Fridericus
431 1163 609 1247 Sylburgius
632 1184 792 1246 procems3
824 1160 960 1222 Andreas
984 1157 1126 1220 Schotms
1148 1160 1320 1222 Primum

133 1314 135 1319 ,
240 1252 322 1311 viros
341 1249 448 1309 reddit.
492 1249 683 1308 Recentiores
712 1245 818 1303 Graeci
845 1239 1025 1325 κεφαλάὸας
1060 1243 1236 1303 Praefectos
1271 1265 1319 1305 ua·

172 1380 176 1389 ,
240 1346 371 1394 strornm
393 1343 445 1391 aut
464 1331 595 1393 militum
616 1329 707 1388 disces
728 1349 762 1386 ac
773 1329 964 1386 centuriones
985 1325 1165 1408 appellant,
1188 1327 1228 1386 de
1255 1330 1320 1409 qui·

240 1417 297 1478 bus
318 1415 440 1475 conniis
461 1414 610 1476 Glossaria
632 1410 751 1491 Rigaltii
769 1420 799 1469 et
821 1409 953 1469 Μειιααὶἰ.Ι
1025 1436 1028 1444 ·

324 1498 400 1578 Peg.
412 1498 441 1557 5.
459 1499 492 1557 li.
509 1496 597 1579 [Isim
616 1491 677 1575 rm]
699 1487 910 1573 ’Λδάαυλφοα
951 1492 1065 1550 Latinis
1085 1491 1200 1551 dicitur
1214 1490 1319 1553 Atanl·

240 1581 308 1657 ius,
330 1582 392 1639 imo
413 1591 443 1639 et
465 1581 605 1648 Graecis,
629 1577 766 1651 Zosimo‚
788 1574 952 1633 sozomeno
974 1585 1003 1634 et
1020 1585 1145 1633 airctore
1159 1572 1317 1650 Clrronici,

239 1665 289 1722 eui
313 1661 516 1722 Alexandrino
538 1680 647 1719 nomen
669 1669 724 1730 est,
748 1657 914 1716 indictione
942 1657 1044 1733 Xlll.,
1067 1658 1209 1718 Honorio
1230 1660 1268 1716 X.
1289 1668 1317 1716 et

238 1742 472 1805 Theodosion.
498 1744 596 1824 Augg.
619 1741 716 1803 Cossu:
738 1738 815 1819 μηνί
832 1738 863 1799 Γ
861 1738 991 1822 opnroiip
1005 1739 1044 1822 τῇ
1065 1735 1127 1817 πρὸ
1146 1735 1174 1820 η’
1193 1740 1318 1800 Καλαν-

241 1826 305 1886 doiv
318 1824 517 1905 Ὀκτωβρίων
533 1822 636 1904 ἡμέρα
653 1821 837 1904 παρασκευῇ
853 1816 996 1900 ἐδηλώθη
1017 1821 1200 1903 drepanum
1230 1821 1318 1885 Ἀῐα-

241 1911 359 1991 odimur
379 1904 550 1987 βάρβαρον.
592 1884 810 1986 Pbilostorgius
830 1900 1034 1985 'Adooriipov
1051 1884 1207 1986 Appellat,
1230 1917 1260 1966 et
1280 1902 1316 1964 ab

240 1990 459 2075 Olympiodoro
480 2000 583 2050 nostro
604 1987 668 2047 solo
689 1988 825 2046 dissentit
846 1996 980 2045 accentu.

323 2076 400 2155 Pagi
427 2073 456 2133 5.
480 2075 515 2133 B.
536 2070 621 2154 [45⁰2
646 2064 708 2151 rm]
739 2069 785 2129 De
806 2069 1000 2129 Constantino
1031 2069 1180 2152 Tyranno
1207 2064 1318 2153 praeta·

160 2187 164 2199 ·
239 2156 449 2218 Marcellinum
470 2155 582 2237 lllyric.
605 2156 635 2212 in
658 2118 769 2211 Cbron.
793 2144 856 2211 sub‘
870 2152 1029 2212 consulatu
1050 2154 1180 2221 Honorii
1204 2155 1261 2213 lx.
1290 2161 1317 2211 et

240 2239 403 2300 Theodosii
436 2240 511 2314 lV.,
536 2237 666 2297 idatium
686 2240 717 2295 in
745 2236 844 2295 Fastis
873 2246 903 2295 et
922 2235 1054 2314 Chion,
1082 2238 1268 2319 Prospenrm
1289 2237 1317 2294 in
1360 2183 1366 2319 l

239 2321 323 2382 Fast.
347 2321 483 2381 similiter
503 2331 532 2380 et
544 2318 671 2395 Chron,
688 2317 898 2377 Cassiodorurn
918 2317 1068 2399 aliosque,
1092 2322 1147 2401 qui
1165 2321 1317 2381 brevitatis

154 2416 223 2488 29²
240 2407 340 2464 studio
361 2406 528 2485 praecipua.
540 2421 677 2483 quaeque
693 2402 872 2476 omiserunt,
893 2400 1091 2462 consulendos
1106 2404 1236 2464 omnino
1253 2423 1315 2463 cerr

240 2507 290 2547 seo
312 2488 454 2547 Orosiurn
482 2484 534 2545 lib.
559 2485 589 2543 3.
613 2505 679 2564 cap.
709 2482 784 2560 dm,
815 2483 1013 2542 Sozomenum
1043 2483 1098 2543 lib.
1120 2508 1154 2563 q.
1177 2508 1247 2568 cap.
1273 2505 1313 2545 ιι.
1365 2536 1366 2539 ,

241 2590 277 2629 ac
297 2570 474 2629 nominatim
495 2568 665 2637 Zosimum,
699 2569 751 2646 qui
780 2567 867 2625 initio
897 2565 966 2626 libri
995 2568 1068 2625 sexti
1100 2555 1210 2629 eadem
1232 2570 1316 2629 ferm

241 2653 341 2712 omnia
368 2661 521 2725 recenset,
546 2670 622 2730 quae
654 2670 687 2707 ex
717 2648 935 2729 Olympiodoro
964 2652 1140 2730 perstrinxit
1169 2653 1315 2712 Photiust

245 2738 272 2814 i)
294 2736 341 2794 De
362 2734 483 2794 militari
503 2732 634 2792 tumultu
648 2733 679 2791 in
693 2731 847 2791 Britannia
860 2732 1005 2806 excitato,
1028 2732 1077 2792 vel
1094 2733 1236 2795 Honorio
1250 2735 1313 2792 Vll.

241 2827 271 2878 et
290 2818 461 2878 Theodosio
479 2819 588 2876 iterum
610 2816 707 2891 Coss,
727 2813 776 2873 vel
797 2814 887 2895 paulo
901 2824 987 2891 ante,
1010 2825 1046 2874 ut
1064 2827 1169 2876 noster
1184 2818 1236 2878 hic
1249 2816 1313 2877 insi·

239 2910 333 2976 nnat,
354 2899 402 2961 vel
423 2901 513 2960 etiam
533 2899 667 2974 tardius,
700 2897 792 2956 Basso
825 2898 966 2956 nimirum
988 2896 1312 2981 Philippoqtie‘Cnm,

201 3004 203 3007 ·
239 2995 275 3043 ut
296 2983 345 3043 alii
368 2983 574 3056 contendunt,
595 2981 715 3039 biennio
734 2990 938 3060 anteceptam
965 2978 1004 3038 ab
1032 2979 1159 3042 Alarico
1182 2984 1311 3044 Romam.

241 3066 272 3143 α)
293 3066 340 3123 De
361 3067 485 3138 Marco,
509 3066 653 3124 Gratiano
674 3084 709 3121 ae
730 3062 925 3122 Constantino
945 3062 1072 3121 subinde
1094 3069 1208 3127 creatis
1224 3069 1312 3147 impp.

240 3146 269 3226 ὅ)
291 3146 339 3206 De
358 3148 472 3207 Iustino
494 3148 556 3207 sive
573 3147 739 3206 iustiniano
761 3157 790 3205 et
802 3145 1001 3226 Neouigaste‚
1023 3145 1154 3209 ducibus
1172 3151 1314 3210 consur

237 3230 305 3288 tini.
349 3227 379 3308 d)
401 3230 448 3289 De
468 3231 613 3306 Bononia,
632 3229 707 3287 urbe
727 3230 888 3304 maritima,
923 3248 1012 3309 quam
1034 3241 1139 3290 noster
1160 3233 1314 3317 Olympio·

228 3311 330 3398 ¹dorus
357 3323 444 3372 recto
464 3315 590 3392 primam
619 3313 650 3369 in
671 3309 786 3370 Galliae
813 3311 923 3371 finibus
948 3313 1091 3391 positam.
1105 3312 1199 3375 docet
1222 3338 1240 3376 e
1259 3315 1315 3376 lin'-

237 3395 340 3456 tauma
362 3393 571 3470 venientibus,
600 3405 755 3474 perperam
786 3414 860 3452 vero
889 3395 1025 3454 Zosimus
1054 3397 1088 3454 in
1114 3397 1254 3459 inferiori
1271 3415 1315 3458 seu

236 3478 368 3540 secunda
388 3479 547 3537 Gennania
568 3475 712 3551 collocat,
740 3474 916 3554 Γερμανίας
933 3466 1014 3535 οὖσα
1031 3471 1126 3550 πόλις
1154 3482 1214 3562 τῆς
1229 3474 1315 3542 κᾶτι.

238 3561 268 3640 6)
289 3562 336 3621 De
356 3560 518 3620 conciliatis
538 3559 592 3618 sibi
613 3559 652 3617 ad
673 3557 765 3638 Alpes
779 3579 886 3640 usque,
907 3580 985 3640 quae
994 3557 1127 3620 Galliam
1142 3564 1316 3645 Italiamque

237 3644 455 3718 disterminant,
478 3641 673 3716 exercitibus3
694 3658 769 3721 quos
789 3639 892 3701 Gallos
912 3652 942 3701 et
952 3642 1139 3722 Aquitanos,
1165 3647 1315 3709 observata

122 3748 124 3754 ·
237 3728 298 3787 iam
319 3726 404 3804 aliis,
433 3737 512 3786 certe
533 3723 669 3784 familiari
690 3744 745 3804 per
767 3722 819 3783 illa
838 3734 974 3805 tempora
995 3724 1165 3806 divisione,
1195 3727 1316 3814 appetat

237 3809 485 3892 Olympiodorus,
507 3810 555 3867 cui
576 3806 750 3887 subscripsit
770 3809 859 3866 etiam
882 3808 1077 3870 sozomenus.
1120 3810 1155 3889 6)
1179 3814 1229 3874 De
1246 3815 1316 3873 eim-

237 3890 306 3951 dem
327 3893 513 3951 Constantini
534 3890 595 3949 filio
616 3901 689 3949 natu
717 3892 830 3950 maiore
859 3890 1042 3965 Constante,
1077 3913 1175 3974 quem
1203 3918 1222 3957 ι
1240 3905 1314 3978 pne

235 3972 342 4033 habitu
363 3974 496 4035 Caesaris
517 3985 657 4033 ornatum
680 3972 711 4030 in
723 3973 899 4053 Hispaniam
922 3973 1045 4032 missum
1066 3976 1162 4038 docet
1174 3980 1312 4041 zosim

235 4054 316 4115 Etim
336 4077 410 4117 vero
429 4078 463 4116 ex
486 4056 634 4116 monacho
656 4055 766 4115 factum
787 4075 849 4115 esse
870 4056 1027 4115 Caesarem
1043 4058 1182 4124 Orosius
1200 4063 1313 4125 stibr-

236 4135 380 4218 cellmua,
400 4139 560 4200 Chn'stiani
573 4140 760 4220 scriptores,
781 4137 912 4220 graviter
933 4137 1140 4222 expostulant.
