2724 5092
238 239 316 335 τοί.
477 217 479 221 ’
687 249 851 314 aurien

230 425 291 469 ων·
313 407 367 469 καί
385 405 488 467 ταῦτα
509 405 623 487 σαφῶς
642 401 921 480 ἐκπυνθανόμενοι,
943 393 1023 481 πρὸς
1043 393 1145 487 ταῦτα
1166 393 1314 479 διεστρα-

228 500 342 590 τήγουν
360 501 412 568 τὸν
432 499 581 583 πόλεμον.
622 503 660 566 V
657 524 706 566 oc.
725 494 901 581 βαλάντιον.

310 605 364 688 κγ’.
418 603 578 667 Τοσοῦτον
609 601 644 664 δέ
676 591 836 674 οἰδοῦντος
873 597 927 662 καί
952 594 1175 683 ῦποφυομένου
1205 591 1317 657 κακοῦ.

228 707 304 791 ch.
326 704 484 769 οἰδοῦσαν.
615 692 617 694 ’

262 872 268 887 ,
306 799 363 870 κδ’.
408 807 478 868 Τῶν
500 804 534 866 δὲ
550 797 716 884 Ῥωμαίων
736 801 783 865 ἔνι’
806 793 884 863 urire*
905 800 997 862 τοῦτο
1016 798 1209 879 βιαζομένων
1229 783 1332 857 ἅττα-5

226 926 283 992 ρον
312 898 412 987 αῦτῆς
431 898 597 979 ἀποδείξαι
611 897 666 963 καί
677 901 795 985 πλῆθος
816 894 871 962 καί
889 899 980 962 θέσιν
1000 893 1056 958 καί
1073 897 1160 979 βέλη,
1182 889 1238 956 καί
1249 917 1313 976 μη-

224 1001 325 1088 χανὰς
344 1001 400 1066 καί
418 1003 539 1085 μεγέθη
560 1000 729 1079 ποταμῶν,
751 996 830 1083 πρὸς
849 993 885 1060 τὸ
903 992 948 1080 μὴ
970 993 1126 1078 ἡττᾶσθαι
1144 994 1237 1080 σφῶν
1257 990 1314 1054 καί

192 1169 195 1174 ,
224 1100 387 1185 ὁμολογεῖν
407 1093 488 1163 εἶναι
507 1101 658 1183 χείροσιν.
703 1099 736 1162 V
735 1121 782 1161 oe.
804 1096 920 1170 θέσεις.

306 1197 357 1270 κε’.
401 1188 498 1264 Οὗτοι
523 1199 582 1280 μέν
603 1187 664 1261 ὧδε
683 1199 826 1278 μένοντες
847 1190 1065 1277 ῦίιεμόσχευον
1084 1187 1140 1256 τὸν
1160 1185 1312 1272 πόλεμον.

226 1301 302 1365 Vec.
321 1295 513 1381 μοσχεῦων.’
1317 1310 1353 1351 ιο

305 1399 359 1475 κς’.
397 1400 444 1474 Ἐς
464 1395 556 1474 τόξου
578 1395 668 1482 ῥῦμα
689 1398 868 1480 περιέπλεον
889 1401 952 1468 τοῖς
974 1394 1141 1475 Ῥωμαίοις
1170 1385 1200 1453 οἱ
1228 1384 1312 1473 βάρ-

221 1502 335 1584 βαροι,
356 1492 444 1562 πόλλ’
466 1491 533 1578 ἅμα
551 1497 628 1581 βέλη
648 1488 810 1582 α’φιέντες·
831 1535 873 1549 --
892 1497 994 1582 πέτρα
1016 1493 1061 1557 δέ’
1082 1514 1130 1566 τις
1164 1488 1312 1554 durana«

221 1600 319 1681 σμένη
342 1597 375 1673 ές
395 1594 484 1673 τόξου
506 1595 604 1682 ῥῦμα.
649 1599 684 1660 V
681 1619 725 1661 oc.
747 1593 843 1680 ῥῦμα.

250 1712 254 1722 “
301 1694 372 1775 κζ.
401 1697 471 1760 Τῶν
491 1697 594 1761 αῦτοῦν
616 1697 697 1762 ἐτῶν
716 1701 850 1777 γυναῖκα
870 1717 941 1758 τινα
962 1693 1088 1766 στειλας
1107 1690 1221 1772 ἐσθῆτι
1235 1693 1311 1762 λευ-Ι

220 1797 261 1882 κῇ
273 1797 337 1861 ,καί
353 1796 542 1876 στέμμασιν,
565 1794 609 1870 ῶς
630 1793 668 1880 δη“
690 1790 866 1876 μελεδωνὸν
887 1784 988 1858 οὖσαν
1008 1792 1063 1876 τῆς
1083 1786 1201 1875 Συρίας
1221 1781 1349 1852 οῦτωι5

221 1890 260 1978 δη
281 1897 472 1978 καλουμένης
489 1894 576 1960 θεοῦ.
621 1897 696 1958 Vec.
717 1889 901 1975 μελεδωνός.
1165 1904 1168 1910 “

300 1990 360 2079 κη’.
401 1994 472 2059 Καί
501 1990 531 2057 οἶ
556 1993 616 2073 μὲν
645 1990 764 2067 ου’τούς
784 1993 968 2077 διέφθειρον
988 1989 1137 2072 σχοινίοις
1166 1985 1311 2071 σι’ττοτρα-

216 2094 408 2178 χηλίζοντες,
443 2093 528 2160 Ι1”οι.
551 2090 866 2176 ἄποτραχηλίζοντες.
1217 2150 1223 2159 ,

182 2195 184 2200 ’
298 2189 357 2256 κθ.
376 2186 379 2194 ’
398 2195 516 2257 Καίτοι
528 2186 754 2276 τιαρακινηθείς
768 2193 825 2253 τοῦ
847 2188 1066 2274 προσήκοντος.
1109 2185 1143 2250 V
1139 2207 1182 2250 oc.
1203 2205 1310 2269 παρα-

220 2310 378 2358 κινουντα.
1310 2309 1348 2351 au

298 2387 336 2450 λ’.
375 2387 448 2452 Καὶ
472 2380 574 2453 τᾶλλα
612 2388 701 2472 ποίθη
743 2389 821 2452 κατὰ
851 2387 908 2473 τὴν
928 2387 1043 2469 ἐκμελῆ
1061 2379 1162 2469 λῦραν
1192 2380 1310 2468 ἐθερα-

215 2479 338 2549 πεῦετο.
381 2488 456 2550 Voc.
478 2488 614 2568 ἐκμελές.

299 2578 357 2647 λα’.
399 2582 491 2669 Πρὸς
511 2581 547 2649 cd
570 2584 693 2671 ἀφανὲς
712 2583 769 2650 καί
787 2581 937 2671 ἀόριστον
958 2583 1013 2668 τῆς
1031 2578 1141 2667 χώρας
1159 2577 1305 2645 ἐκπεσόν-
1323 2666 1328 2673 x

214 2803 263 2861 rur
281 2796 360 2844 erret.
387 2791 488 2861 ,Quum
507 2800 600 2849 autem
618 2794 686 2847 hace
706 2802 830 2849 accurate
848 2794 1060 2867 quaesivissent,
1078 2791 1226 2847 seeundum
1235 2789 1304 2845 haec

213 2856 318 2912 bellum
337 2859 575 2920 administrabant.

283 2934 326 2985 23.
362 2932 452 2985 Tanto
472 2944 563 2988 autem
586 2938 657 2990 malo
677 2939 875 2990 intumescente
895 2944 924 2989 et
946 2941 1139 2991 succrescente.

283 3001 328 3069 ad.
364 3001 456 3072 Quum
475 3013 567 3057 autem
584 3007 698 3060 Romani
717 3006 752 3060 ob
771 3007 824 3058 huc
848 3009 939 3079 ipsum
966 3007 1142 3061 vehementer
1166 3018 1304 3057 conaren-

213 3073 260 3119 tur
277 3070 464 3124 demonstrare
483 3076 568 3144 ipsius
590 3078 665 3131 urbis
684 3087 713 3130 et
728 3074 840 3146 inopem
858 3095 917 3132 esse
934 3075 1161 3139 multitudinem,
1180 3082 1210 3127 et
1226 3076 1304 3127 inan-

213 3154 317 3222 cerspm
336 3157 396 3194 esse
414 3142 490 3197 illius
509 3146 562 3198 loci
581 3149 664 3198 situm
685 3155 713 3200 et
731 3149 829 3200 ineolis
850 3164 909 3202 esse
929 3150 1014 3201 multa
1041 3148 1098 3200 tela
1116 3155 1145 3199 ct
1163 3143 1303 3198 machinae

177 3251 179 3253 ,
211 3206 342 3293 pellicea,
371 3220 399 3264 et
415 3214 631 3284 magnitudinem
649 3218 793 3271 fluviorum
818 3236 876 3273 esse
899 3220 1018 3273 transitu
1037 3217 1190 3281 difficilem,
1214 3234 1251 3271 ne
1267 3216 1302 3270 ab

211 3276 270 3332 rllts
288 3291 471 3348 macerentur,
490 3303 558 3339 neve
576 3304 605 3338 ac
629 3290 687 3341 illis
705 3289 850 3341 inferiore·
872 3305 931 3342 csae
949 3288 1152 3342 confiterentur.

282 3354 324 3406 ni.
361 3353 411 3404 lati
429 3353 541 3424 quidem
558 3356 604 3410 hic
621 3366 761 3423 serentes,
784 3360 889 3411 bellum
908 3360 978 3411 clam
995 3357 1132 3414 terebant.

213 3490 220 3502 ι
281 3424 325 3475 26.
360 3420 474 3476 Barbari
491 3428 625 3480 Romanos
645 3431 680 3481 ad
699 3431 813 3500 sagittae
828 3432 929 3485 iactum
945 3429 1098 3499 navigando
1110 3427 1302 3491 circumibant,

211 3505 242 3574 m
263 3494 415 3576 eeaOmulta
433 3495 488 3547 tela
514 3499 595 3551 simul
614 3499 807 3554 tuniicientes.
844 3500 932 3573 Rupes
950 3519 1015 3558 rere
1041 3500 1178 3571 quaedam
1198 3497 1235 3551 ad
1258 3513 1302 3550 sa-

212 3567 298 3628 gittae
317 3572 418 3616 iactum
438 3575 499 3619 crat
515 3571 614 3621 avulsa.

282 3650 323 3701 ap.
343 3633 459 3718 'liudem
490 3639 612 3692 moribus
636 3641 786 3711 praeditam
810 3641 947 3714 quandam
969 3642 1113 3694 mulierem
1137 3641 1201 3692 alba
1224 3644 1319 3693 verte-

212 3705 240 3750 et
258 3717 364 3757 coronis
391 3715 514 3760 ornatam
532 3711 622 3775 misit,
653 3711 732 3782 quasi
751 3721 818 3767 tunc
839 3721 912 3767 earet
937 3712 1058 3766 curatrix
1083 3711 1195 3780 Syriae,
1224 3709 1301 3764 nese

212 3788 283 3840 quaa
301 3782 365 3827 tunc
383 3778 422 3830 ita
439 3780 596 3836 vecabatur.

279 3846 321 3899 aa.
356 3848 392 3899 Et
409 3849 452 3899 illi
470 3850 581 3922 quidem
600 3852 673 3922 ipsos
692 3854 890 3908 iuterfecerunt
908 3854 1020 3907 funibus
1039 3852 1247 3923 strangulantes.

277 3932 322 3984 ²9·
358 3917 523 3990 Quanquam
540 3938 589 3990 per
607 3922 736 3975 delirium
764 3930 911 3978 recesserat
928 3923 963 3975 ab
985 3924 1084 3980 officio.

279 3985 322 4040 δι).
357 3987 394 4040 Et
413 3999 534 4044 caeteros
555 3992 673 4057 morbos,
693 4003 724 4047 ut
741 3997 874 4049 concinna
892 3996 958 4062 lyra,
979 3993 1099 4048 curabat.

278 4055 320 4111 31.
356 4058 387 4111 ln
406 4060 547 4114 obscuram
568 4072 595 4115 et
613 4065 815 4121 interminatam
830 4068 948 4138 regionia
961 4073 1052 4141 partes
1072 4069 1164 4127 erant,
1185 4059 1220 4114 ⁰¹)
1235 4075 1298 4115 ⁶¹⁰·

209 4117 256 4174 der
276 4130 304 4176 ct
321 4128 450 4196 praedam
468 4143 544 4187 crant
568 4134 676 4190 dclcrsi.
