2774 5106
256 220 343 337 276
665 231 916 311 moniam

249 423 405 490 πραττεν,
426 399 637 473 ἐπιδεικτικῶς
655 402 790 482 μᾶλλον,
812 391 832 482 ἢ
853 399 1003 481 ἀληθῶς.
1044 394 1086 458 od
1103 393 1168 479 μήν
1187 383 1265 460 odes
1281 387 1342 473 ,ἔμ-

250 524 359 589 πειρος
384 504 449 565 τοῦν
475 498 671 585 πραγμάτων
697 491 753 580 η’ν,
786 491 861 560 οὔτε
889 493 976 578 εἶχεν
1003 495 1198 579 ἐπιστήμην,
1232 496 1273 557 δι’
1303 484 1341 575 ής

251 598 339 669 ἔστιν
358 601 513 686 α’σφαλοῑς
531 594 592 673 Δτοὶς
620 597 784 678 βασιλείοις
809 591 998 660 ἰθύνεσθαι.
1048 590 1127 678 πρὸς
1164 595 1201 657 di
1230 592 1342 676 κέρδος

204 708 210 713 ’
251 702 308 769 κατ’
333 704 442 786 λήμμα
465 700 527 783 erip(
555 693 639 763 οὕτω
669 699 729 777 μὲν
751 695 901 778 ἐμμανῶς
935 692 979 769 ὥς
1005 691 1022 757 si
1056 696 1153 758 Λέων
1189 692 1340 773 διέκειτο,

251 804 329 868 ου’τλὲ
358 800 492 866 ἔπλαττε
522 795 567 883 μή
593 789 665 862 ὄντα
686 805 753 871 τοῖς
780 795 976 878 κεκτημένοις
998 791 1195 876 ἐγκλήματα,
1218 791 1258 854 ori
1276 788 1359 873 μήν5

249 901 325 966 οὐδὲ
355 899 512 971 παντελῶς
547 898 696 980 κρείττων
715 894 841 977 ὐπήρχε
860 888 1141 976 τοῦπράγματος.
1180 889 1238 954 κατ’
1256 913 1341 975 χρή-

246 1002 323 1082 στῆς
353 993 392 1063 tto
419 995 583 1077 βασιλείας
615 991 730 1075 ἔτυχον
752 991 930 1072 Ῥωμαῖοι,
962 993 993 1055 εἰ
1016 988 1062 1074 μή
1083 986 1340 1070 Σεβαστιανὸςλ

246 1097 318 1164 τότε
338 1091 629 1180 παραιλυναστειίων
649 1083 723 1177 ήγεν
737 1087 839 1155 adria
858 1092 891 1166 ἐς
913 1083 974 1173 ii‚rs
994 1085 1163 1172 ἐβούλετο,
1181 1087 1341 1174 καπηλεύ-

247 1222 313 1276 ων,
334 1190 441 1280 οἵσπερ
474 1195 508 1270 ἐξ
542 1193 674 1275 οἶγοροῖς,
696 1185 819 1255 ἅπαντα
826 1240 836 1272 ,
870 1187 927 1254 καί
944 1192 1044 1274 μηδὲν
1064 1181 1202 1274 ἄπρατον
1223 1190 1287 1252 scir
1306 1190 1341 1252 ἐν

245 1298 286 1383 τῇ
305 1295 461 1376 βασιλέως
482 1286 565 1377 adipi
584 1288 855 1375 διαπράττεσθαι,
877 1287 957 1352 οἶλλοὶ
979 1286 1038 1364 τὰς
1055 1291 1114 1369 μὲν
1134 1281 1240 1372 ἆρχοὶς
1262 1281 1371 1352 eins-to

247 1392 353 1458 διἰλοτο
378 1391 500 1473 πάσας,
529 1392 594 1478 ι’τλιήι
617 1391 677 1469 μὲν
694 1383 827 1476 ἑαυτῷ,
848 1389 913 1477 ids'p
935 1389 970 1452 δὲ
990 1383 1160 1468 λαμβάνων
1179 1389 1225 1475 aqi
1243 1391 1341 1469 βασι·

242 1497 304 1563 ,λεῖ
319 1487 369 1558 τὰ,
381 1488 551 1575 τιμήματα·
578 1491 633 1554 καί
652 1490 682 1558 εἰ
700 1490 881 1572 προσῆλθεν
901 1489 1005 1570 ἕτερος
1024 1482 1131 1570 βραχιλ
1151 1510 1184 1550 τι
1208 1507 1341 1571 προστι-

245 1594 334 1671 θείς,
362 1591 480 1665 ἐκεῖνος
510 1582 549 1673 ἦν
576 1585 802 1672 αἱρετώτερος.
822 1631 825 1637 ,
844 1592 907 1652 suiv
928 1589 964 1653 δὲ
987 1590 1107 1662 ἐντοῖς
1129 1588 1273 1669 α’ρχείοις
1289 1610 1339 1669 ys-

243 1692 385 1771 νομὲνων
417 1685 563 1752 ἁπάντων
600 1686 693 1752 οὐδὲν
725 1682 781 1771 ήν,
824 1683 843 1750 ὃ
869 1684 913 1769 μή
943 1683 1050 1769 λαβών
1079 1686 1338 1770 ἅπεπίπρασκεν.

243 1792 278 1861 ,τί
305 1790 340 1854 δέ
365 1812 436 1854 τινα
462 1785 569 1871 α’ρχήν
588 1791 651 1852 τῶν
674 1787 748 1870 περί
767 1782 865 1851 assisio
887 1778 984 1850 ὄντων
1004 1786 1178 1870 ἐχαρίσατο
1199 1782 1371 1869 Ζήνων,ι5

240 1884 352 1971 οἵσπερ
389 1886 652 1969 πολιτοκοὶπηλος,
682 1885 781 1962 αιλτὸς
812 1882 932 1968 ταύτην
962 1882 1065 1968 ὀλίγον
1105 1886 1184 1971 παρ’
1209 1888 1337 1950 ἐκείνων

244 1982 435 2070 λαμβάνων,
467 1979 573 2060 ἄλλοις
599 1994 733 2068 παρεῖχε
760 1986 818 2049 τοῦ
838 1988 997 2065 πλείονος,
1034 1983 1157 2069 Ζήνωνι
1179 1980 1220 2048 τοὶ
1243 1986 1334 2067 κλέμ-

242 2109 331 2170 ματα
353 2086 513 2169 παρέχων.
555 2087 644 2148 Idem
665 2110 691 2148 s.
717 2111 750 2149 o.

186 2220 190 2226 ·
242 2236 245 2240 .
327 2180 363 2262 ζ.
403 2178 518 2264 Ζήνων
565 2178 582 2244 ὅ
617 2181 786 2264 βασιλεὺς,
816 2179 995 2263 πυθόμενος
1028 2182 1091 2248 τῶν
1123 2181 1257 2261 οἰκείων
1278 2180 1333 2265 τήν

241 2272 359 2366 ἧτταν,
379 2283 412 2356 ἐς
434 2280 590 2366 φρούριον
609 2277 801 2367 καταφεύγει
822 2284 876 2347 ἕπτ’
893 2282 996 2370 λόφου
1021 2284 1172 2373 κείμενον,
1194 2277 1214 2345 ὃ
1236 2286 1371 2346 Kosa-2·

241 2378 497 2447 σταντινούπολιν
518 2378 548 2444 oi
566 2376 750 2466 πρόσχωροι
770 2380 920 2447 ἐκάλουν.
961 2375 1037 2468 ὅπερ
1057 2379 1150 2467 prurio
1168 2390 1235 2456 τοῖς
1256 2405 1331 2466 σνν-

241 2615 279 2667 tls
320 2622 411 2670 sutem
448 2615 531 2668 rebus
571 2615 692 2668 animum
730 2616 843 2671 bonoria
884 2616 1014 2687 cupidum
1047 2615 1158 2670 babuit:
1193 2625 1223 2670 et
1260 2633 1330 2688 quse

240 2685 372 2748 iaciebat,
400 2687 503 2757 gloriae
531 2694 560 2738 et
584 2687 773 2740 admirationis
803 2688 955 2758 captandae
992 2706 1072 2740 causa
1110 2687 1248 2750 iaciebat,
1283 2705 1332 2757 per

240 2757 455 2810 ostentationem
484 2757 593 2826 potius,
627 2774 707 2827 quam
736 2776 765 2810 re
792 2776 873 2823 vera,
901 2761 1051 2829 quinetiam
1075 2774 1131 2809 non
1156 2766 1217 2809 erat
1240 2774 1331 2810 rerum

183 2887 186 2892 ¹
238 2826 361 2898 peritus,
386 2843 437 2880 nec
462 2828 537 2878 illam
557 2829 699 2880 scientiam
724 2828 862 2893 babebat,
877 2847 927 2899 per
946 2846 1027 2898 quam
1046 2845 1127 2896 regna
1148 2837 1210 2880 tuto
1229 2827 1331 2896 guber-

237 2896 299 2949 nari
326 2905 461 2967 possunt,
497 2896 545 2949 sed
565 2900 594 2950 in
613 2906 756 2968 quaestum
782 2917 814 2952 ae
832 2900 1043 2952 emolumentum
1070 2915 1126 2950 non
1144 2899 1214 2950 adeo
1235 2899 1331 2949 iuren-

237 2973 299 3029 ter,
330 2976 361 3018 ut
390 2969 463 3030 Leo,
490 2983 640 3037 propensus
668 2970 894 3023 erat2necfalsa
912 2972 1024 3022 crimina
1043 2970 1071 3019 in
1091 2985 1259 3039 possessores
1280 2970 1331 3020 iin-

150 3044 160 3057 '
238 3034 429 3107 gebat‚haud
451 3044 543 3089 tamen
562 3039 674 3091 omnino
696 3042 821 3109 superior
846 3048 904 3092 erat
922 3038 973 3091 bac
991 3057 1028 3092 re.
1065 3041 1098 3090 Et
1118 3037 1220 3090 bonam
1240 3041 1331 3109 impe·

238 3107 275 3157 rit
294 3105 505 3159 administrandi
526 3109 658 3160 rationem
678 3109 790 3162 Romani
810 3112 972 3171 sensissent,
990 3112 1044 3163 nisi
1064 3108 1262 3169 Sebastianus,
1282 3109 1330 3179 qui

237 3180 305 3226 tuno
323 3177 470 3228 secundam
487 3174 521 3227 ab
541 3181 706 3247 imperatore
733 3188 894 3249 potestatem
919 3180 1057 3243 habebat,
1086 3181 1165 3231 illum
1193 3179 1330 3231 arbitratu

236 3259 287 3297 suo
302 3246 397 3314 quovis
417 3247 581 3315 impulisset,
596 3250 688 3300 omnia
707 3252 782 3302 velut
802 3252 830 3303 in
844 3251 903 3303 soro
922 3269 969 3303 cau
993 3269 1086 3311 ouans,
1105 3266 1155 3302 nec
1174 3248 1330 3321 quidquam

237 3315 269 3368 in
289 3314 352 3366 aula
372 3332 498 3368 caesarea
516 3320 575 3368 sine
601 3321 692 3386 pretio
712 3322 809 3372 confici
830 3324 930 3374 sinens.
968 3269 1021 3373 iod
1041 3337 1134 3371 omnes
1153 3322 1331 3389 magistratus

235 3383 391 3451 vendebat,
409 3386 507 3456 partim
526 3385 638 3457 quidem
661 3390 720 3459 ipsa
740 3393 827 3459 pretia
847 3391 900 3443 sibi
923 3407 1061 3443 reservans
1082 3401 1208 3459 accepta,
1228 3393 1338 3459 partim.

235 3471 301 3507 vero
329 3473 390 3507 eum
412 3457 578 3524 Imperatore
605 3465 815 3514 communicans.
861 3462 971 3531 Siquis
995 3470 1087 3513 autem
1108 3460 1178 3512 alius
1197 3464 1336 3514 secessis-

235 3533 294 3589 set,
311 3526 360 3596 qui
378 3525 493 3596 paulum
511 3525 642 3599 quiddam
660 3530 826 3592 aldidisset,
852 3532 900 3582 ille
921 3533 1018 3584 ceteris
1040 3531 1346 3602 anteponebatur712

234 3595 297 3665 ipso
316 3603 406 3648 autem
425 3595 503 3665 iegio
528 3598 630 3667 palatio
648 3598 719 3652 nibil
744 3610 802 3654 erat
820 3617 909 3653 rerum
929 3603 1067 3663 omnium,
1087 3602 1160 3673 quod
1181 3603 1231 3654 ille
1250 3617 1346 3653 aecer

233 3673 313 3735 ptum
333 3684 388 3718 non
411 3667 550 3719 venderet
594 3670 622 3720 Si
649 3686 731 3740 quem
749 3689 813 3724 vero
832 3675 1019 3740 magistratum
1039 3673 1189 3740 imperator
1210 3673 1269 3724 suis
1288 3673 1347 3726 fs·-

232 3735 389 3788 miliaribus
406 3736 520 3805 largitus
539 3738 650 3803 fuisset,
680 3743 740 3809 ipse
761 3750 891 3812 tanquam
911 3759 1037 3812 manceps
1058 3740 1131 3793 bunc
1150 3743 1261 3796 abillis
1280 3759 1355 3794 exe

232 3805 297 3874 iguo
331 3807 421 3876 pretio
456 3809 611 3877 accipiens,
647 3811 710 3863 aliis
734 3810 884 3882 praebebat
913 3813 1001 3883 pluris
1031 3811 1193 3878 venditum,
1224 3810 1357 3865 zenoni

232 3875 306 3928 turta
324 3878 468 3946 praebens.
1016 3878 1021 3898 ⁸

303 3962 326 4014 7.
362 3949 435 3999 Zeno
455 3950 623 4018 imperator,
642 3948 736 4003 audita
757 3968 866 4004 snorum
880 3952 972 4016 clade,
990 3955 1020 4003 in
1038 3955 1178 4007 castellum
1206 3955 1236 4005 in
1256 3953 1360 4008 eollo

231 4013 315 4066 situm
333 4017 475 4088 confugit,
494 4018 568 4089 quod
586 4021 671 4074 ricini
690 4020 950 4093 Constantinopolin
969 4023 1109 4076 vocabant
1147 4024 1213 4094 Quo
1232 4027 1370 4095 rogate

230 4086 271 4167 to,
289 4084 345 4137 suis
366 4103 427 4139 eum
446 4091 549 4160 gemitu
568 4090 655 4145 dixit:
675 4090 764 4164 „Ergo
783 4092 867 4146 bomo
886 4103 929 4147 est
948 4093 1001 4148 Dei
1027 4094 1199 4160 ludibrium,
1217 4097 1244 4149 si
1262 4097 1366 4169 qut*
