2774 5106
229 220 312 306 322
656 245 867 351 Excidunt

88 403 290 476 λαδηητοῗν
308 403 464 486 Περσοῗν,
491 399 561 463 ἄλλ’
582 391 605 483 ή
630 387 688 474 τοὶς
717 398 870 466 ἀνέκαθεν
896 394 1063 484 τριάκοντα
1082 400 1235 481 χιλιάδας
1255 404 1314 467 τοῦ

81 545 111 597 lu
114 475 220 602 :3213
227 501 353 586 χρυσοῦ
379 501 569 580 νομίσματος
589 490 611 581 ἢ
631 496 797 583 προσᾰπαξ
817 497 861 574 ὥς
876 496 940 581 χρή
959 498 1042 580 μέγα
1059 520 1091 562 τι
1112 501 1314 564 καταθέσθαι

40 614 42 619 ’
229 599 547 679 δικαιολογουμένων,
577 596 821 685 τὸτελευταῖον
841 594 946 674 ἔδοξεν
976 593 994 659 ὅ
1015 595 1175 681 Μεβωδης
1195 597 1315 661 ἐπιδει-

227 692 337 760 κνύναι
366 698 463 779 δῆθεν
492 700 603 772 αὐτοῖς
629 699 665 761 ἐκ
693 696 751 760 τοῦ
772 700 849 760 «κατ’
869 691 974 761 adita
996 696 1152 776 βασιλέως
1178 695 1315 781 γράμμα

223 784 300 879 Ιεἶ’ρτι
320 795 449 876 σταλὲν,
478 797 513 860 ἓν
541 785 779 883 ᾧπεριείχετο,
800 791 844 870 ὥς
863 791 961 879 χάριν
981 796 1037 878 τῆς
1056 790 1137 880 πρὸς
1156 790 1333 891 Καίσαραῖι

228 891 338 979 φιλίας
355 893 495 972 οἷνὲξοιτο
515 892 572 960 καί
586 896 759 980 χρημάτων
778 891 869 969 ἐκτὸς
888 895 1104 975 ἐξίσοτιμίας
1124 888 1316 979 ἀναρρῶσαι

117 996 120 1003 '
227 989 286 1076 τήν
306 989 441 1077 εἰρήνην.
467 996 559 1058 τοῦτο
580 992 654 1058 ἐπεί
670 990 727 1076 [οἱ]
749 991 830 1056 sarai
849 991 909 1078 τήν
920 992 1077 1076 βασιλίδα
1098 992 1318 1076 διεδρυλλήθη

201 1090 340 1171 untias,
362 1086 494 1167 ἅπαντες
514 1085 779 1176 οἶνεπτεραὶθητοὶν
799 1114 852 1167 τε,
880 1093 937 1157 καί
955 1086 1085 1155 ἐδόκουν
1105 1091 1139 1154 οἳ
1155 1115 1191 1155 τε
1212 1091 1247 1156 ἒν
1268 1091 1320 1154 τί·

227 1193 275 1252 λει
292 1187 348 1252 καί
367 1184 440 1264 ὅσος
460 1191 564 1275 ἕτερος
584 1184 693 1270 ὅμιλος
721 1183 784 1274 ήδη
804 1184 952 1275 ἆργήσειν
971 1186 1013 1254 τοὶ
1034 1191 1110 1277 ξίφη
1139 1190 1195 1255 καί
1220 1191 1323 1272 tpar-

230 1284 358 1352 dra'rara
377 1291 521 1366 καθέξειν
540 1285 598 1371 τήν
617 1283 762 1373 εἰρήνην,
787 1289 856 1354 iusi
875 1287 892 1353 ὅ
915 1292 1047 1375 Καῖσαρ
1070 1290 1355 1374 Περοαρμενιάςιο

230 1410 264 1452 τε
283 1389 338 1467 καί
358 1386 396 1471 δή
414 1388 550 1472 Ἰβηρίας
571 1389 670 1472 ατίτής
689 1383 877 1469 ἑτοιμίτταια
897 1381 963 1470 εἶχε
979 1390 1214 1473 παραχωρῆσαι
1228 1388 1321 1484 Πὲρῗ

231 1508 322 1567 σαις,
362 1489 547 1571 σαφέστατα
579 1484 816 1568 ἐξεπιστάμενος
853 1486 897 1563 ὥς
929 1481 966 1550 οὗ
995 1486 1120 1552 πώποτε
1149 1483 1321 1552 ἑνδώσοιεν

232 1583 388 1669 τοσαύτης
408 1587 755 1671 ἐστερημένοιχώρας,
784 1586 859 1651 aridi
885 1610 920 1669 ys
949 1587 981 1651 εἰ
998 1588 1112 1662 τελέως
1132 1583 1322 1668 κατολισθή-

232 1708 283 1749 σοι
302 1682 358 1748 καί
376 1685 500 1768 ἐξίτηλα
529 1681 632 1748 ἔσοιτο
659 1682 700 1748 τοὶ
729 1681 900 1770 πράγματα
922 1689 1072 1770 Περσῶν.
1114 1681 1191 1760 τούς
1210 1685 1323 1764 μέντοι

154 1784 411 1868 λλδεηενεοὶρχας
427 1781 688 1867 Περσαρμενίων,
708 1781 788 1847 ἀλλὰ
809 1781 871 1868 γὰρ
892 1786 948 1846 καί
964 1780 1042 1859 τοδς
1061 1787 1105 1872 τῷ
1124 1784 1206 1867 γένει
1230 1775 1356 1866 σφῶνιὸ

233 1881 430 1969 ἡνωμένους,
460 1887 516 1947 καί
535 1882 642 1958 ἁπλῶς
661 1879 717 1948 τὸν
738 1879 910 1951 ,ὁντιναοῦν
938 1884 973 1948 οἳ
992 1907 1027 1966 γε
1055 1877 1323 1966 αὐτομολήσαντες

231 1975 314 2069 ἦσαν
332 1981 375 2058 ὠς
391 1981 593 2063 Ῥωμαίους,
625 1973 699 2046 οὔτε
729 1978 895 2046 ἐκδώσειν·
930 1982 997 2046 ἀλλ’
1026 1977 1102 2048 οῦδὲ
1130 1977 1247 2066 ἑτέρως
1267 1981 1323 2061 ἐμ-

159 2084 165 2092 ’
231 2082 385 2147 πεδιδσὲιν
414 2078 533 2167 ἔφασκε
562 2079 620 2165 τήν
648 2076 792 2167 εἰρήνην,
825 2079 860 2145 εἴ
882 2105 918 2166 γε
944 2070 998 2166 μή
1020 2075 1113 2146 ἄδεια
1133 2079 1236 2147 ἔσοιτο
1257 2087 1323 2154 τοῖς

232 2183 433 2264 βουλομένοις
462 2184 717 2265 Περσαρμενίων
742 2204 779 2245 τε
808 2183 866 2246 καί
895 2178 1041 2265 Ἰβήρων,
1075 2178 1131 2265 τήν
1166 2181 1323 2266 σφετέραν

233 2269 433 2361 ἐκλιπόντας,
463 2277 745 2344 α’νασκευοὶσασδαι
777 2282 811 2355 ἐς
837 2277 896 2365 τήν
925 2277 1107 2362 Ῥωμαίων.
1148 2275 1241 2362 λόγον
1260 2275 1352 2361 μίτρα
1379 2315 1387 2329 ·

235 2378 296 2459 οδχ
318 2373 431 2460 ήκιστα
446 2376 585 2441 ,ἐποιεῖτο
605 2373 706 2443 πολδν
727 2373 744 2441 ὅ
766 2383 897 2464 Καῖσαρ
919 2382 983 2443 adis
1004 2377 1239 2460 ὀμωμοσμένων
1259 2371 1321 2440 v‘nt

305 2499 331 2548 6.
351 2493 520 2563 ἀναρρῶσαι
544 2497 595 2556 Ν.,
613 2493 821 2568 εἶναθαβροἳσαι
840 2497 912 2565 vulg.
947 2526 951 2533 ·
984 2515 1008 2568 η.
1021 2498 1051 2550 αἱ
1068 2481 1145 2549 uncis
1164 2496 1279 2549 inclusit
1294 2493 1321 2545 B.

306 2585 331 2634 9.
350 2562 418 2621 ὅσοι
436 2566 483 2629 tt,
501 2564 567 2618 siuas
584 2567 656 2635 vulg.
754 2566 938 2638 ἐμπεδώτατα
952 2567 1127 2639 Η.,ἐμπιδω”
1142 2570 1234 2619 ταῦτα
1251 2566 1322 2633 vulg.

310 2654 349 2687 ιι.
366 2642 575 2706 παραχωρῆσαι
591 2637 713 2689 Cantocl.
723 2675 731 2701 ,
749 2635 934 2711 παραρῥῆσαι
952 2641 1039 2709 vulg„
1057 2644 1226 2710 παραρῠσαι
1245 2639 1323 2704 Πέρ-

309 2720 359 2763 σαι
378 2707 472 2776 ing-H·
547 2709 620 2767 rtet
636 2707 707 2771 vat,
726 2703 744 2774 q*
760 2709 843 2780 vulg.-

238 2829 373 2879 Romanos
394 2833 443 2878 aut
460 2826 642 2896 constitutum
658 2825 770 2895 triginta
788 2826 905 2879 millium
926 2840 1071 2879 aureorum
1089 2826 1224 2878 tributum
1242 2830 1322 2896 quot·

238 2900 318 2949 annis
337 2897 456 2965 pendere
470 2935 477 2958 ‚
491 2905 539 2947 aut
556 2897 639 2948 semel
658 2911 781 2966 maguam
798 2898 918 2968 aliquam
939 2899 1072 2966 pecuniae
1090 2913 1242 2960 summam,
1260 2903 1321 2947 tsn-

239 2967 300 3018 dem
319 2966 431 3019 Mebodi
456 2967 580 3019 Romanis
607 2968 711 3019 litteras
736 2969 873 3019 Persarum
897 2969 967 3038 regis
992 2984 1080 3037 nuper
1099 2967 1135 3019 ad
1160 2983 1188 3019 se
1210 2969 1322 3036 scriptas

239 3038 525 3106 ostenderevptaeuim
545 3037 646 3107 quibas
665 3055 694 3090 se
712 3045 824 3108 propter
844 3036 966 3090 Caesaris
988 3039 1136 3090 amicitiam
1156 3039 1240 3090 etiam
1259 3035 1322 3086 nui-

134 3110 137 3115 ’
239 3107 266 3157 la
284 3108 459 3175 pecuniarum
478 3108 570 3158 habita
597 3107 702 3161 ratione
726 3108 821 3179 aequis
847 3108 1052 3162 conditionibus
1077 3125 1170 3177 pacem
1188 3107 1322 3160 saetarum

239 3194 298 3228 esse
316 3177 457 3230 indicavit.
494 3176 581 3228 Huius
601 3179 641 3229 rei
669 3178 741 3229 fama
767 3179 934 3250 simulatque
952 3176 988 3227 ad
1004 3181 1104 3246 regiam
1121 3179 1219 3231 urbem
1237 3177 1325 3248 peria·

217 3254 268 3308 „ta
286 3256 344 3311 est,
363 3262 456 3298 omnes
476 3246 572 3298 laetati
591 3255 656 3298 sunt
674 3256 702 3300 et
720 3247 834 3300 Senatus
854 3258 882 3301 et
899 3249 993 3318 plebs,
1017 3264 1131 3319 eamque
1153 3251 1247 3300 animo
1265 3246 1324 3315 opi-

241 3318 352 3368 nionem
370 3324 585 3386 praeceperunt,
604 3327 712 3386 tempus
730 3319 888 3382 advenisse,
906 3335 962 3390 quo
980 3319 1090 3370 ensibus
1109 3319 1232 3388 quietem
1252 3315 1325 3369 indi·

242 3397 353 3450 terent,
381 3397 409 3439 et
430 3389 542 3439 firmiter
561 3400 655 3456 pacem
675 3389 811 3443 colerent:
840 3389 957 3441 maxime
976 3404 1036 3439 eum
1053 3390 1156 3443 Caesar
1174 3390 1327 3441 Persarme·

241 3458 315 3509 uiam
341 3467 369 3509 et
387 3459 504 3509 iberiam
530 3460 615 3511 Persis
639 3460 736 3511 cedere
765 3469 874 3527 paratus
898 3465 977 3519 esset
1014 3459 1058 3511 Sia
1081 3461 1155 3512 enim
1173 3459 1326 3515 statuebat,

242 3530 351 3589 Persas,
378 3529 486 3581 etiamsi
511 3530 604 3580 eo'rum
627 3545 670 3580 res
690 3529 813 3601 perditae
837 3531 929 3581 forent
946 3538 973 3581 et
991 3528 1026 3579 ud
1046 3530 1165 3581 nihilum
1185 3529 1325 3585 redactae,

242 3615 381 3668 nunquam
396 3602 553 3669 quieturos,
574 3598 705 3668 quamdiu
719 3598 761 3650 his
774 3600 858 3652 tantis
876 3597 1035 3669 regionibus
1052 3603 1232 3669 privarentur.
1251 3597 1327 3648 Pria-

243 3670 316 3737 cipes
336 3678 426 3719 tamen
445 3669 711 3732 Persarmrniorum‚
741 3678 769 3721 et
792 3671 841 3740 qui
865 3671 922 3722 illis
949 3686 1047 3752 genere
1073 3668 1213 3723 coniuncti
1236 3673 1326 3726 erant,

234 3742 273 3789 'et
291 3752 401 3800 omnes,
426 3741 473 3810 qui
494 3755 508 3788 a
527 3739 612 3792 Persis
632 3738 667 3790 ad
691 3742 825 3793 Romanos
849 3742 1048 3809 confugissent,
1072 3741 1151 3793 nulio
1170 3738 1252 3790 modo
1272 3746 1326 3789 trs·

243 3807 346 3860 dendus
366 3826 424 3861 esse
443 3809 553 3861 statuit:
580 3810 635 3862 imo
650 3820 707 3862 nou
726 3811 779 3862 alia
795 3809 955 3863 conditione
971 3828 1063 3880 pacem
1082 3807 1256 3869 servandam,
1275 3804 1327 3857 nisi

242 3878 359 3931 liberum
389 3882 425 3932 sit
443 3879 636 3934 Persarmeniis
664 3888 693 3932 et
710 3880 807 3942 Iberis,
831 3882 879 3950 qui
905 3897 982 3932 suam
1010 3882 1124 3949 patriam
1148 3877 1339 3949 retiquertnt,

243 3948 277 4000 ad
295 3951 477 4001 Romanorum
502 3959 593 4017 partes
618 3952 745 4009 transire.
779 3951 888 4004 Etenim
913 3950 1010 4003 Caesar
1032 3949 1148 4000 multum
1174 3949 1205 3999 in
1223 3963 1256 3998 εο
1271 3961 1347 3998 σεεν

244 4033 324 4069 mone
351 4027 473 4071 versatus
499 4027 555 4079 est,
583 4035 598 4069 a
619 4019 772 4073 Iustiniana
791 4023 957 4090 Imperatore
981 4018 1159 4071 iureiurando
1178 4018 1261 4072 fldem
1278 4014 1345 4066 ds·-

244 4093 301 4137 tam
324 4105 382 4141 esse
409 4089 602 4143 Persarmeniis
627 4097 656 4143 et
679 4089 741 4157 his,
771 4093 822 4164 qui
847 4104 882 4145 ex
906 4090 997 4145 iberis
1015 4090 1205 4160 migraverant.
1239 4089 1348 4159 atqu·
