2774 5106
257 213 342 318 314
707 220 917 312 stonum

118 398 386 479 Δ.0.57ιπο’λεμον
412 394 507 483 ὥρμα
537 392 576 462 τὰ
598 394 743 482 είρηναῖα
763 399 1006 483 παρωσάμενος.
1048 394 1199 464 ἐδεδοίκει
1219 416 1272 477 τε,
1290 393 1337 480 μή

121 471 323 598 ,ηἶέἓρίποος
342 498 377 562 ἐκ
404 495 542 581 μεγάλης
568 500 771 581 παρασκευῆς
791 495 935 562 ἐπιθοῖτό
956 520 991 562 τε
1017 491 1119 584 adripi.
1160 496 1215 561 καί
1234 487 1340 569 ἄλλοις

230 561 315 680 7οὐχ
344 591 456 681 ἥκιστα
475 597 629 683 φροντίδα
649 597 798 680 ἐτίθετο,
819 596 865 671 είς
891 593 1024 680 ἔσχατον
1051 600 1150 682 γῆρας
1178 589 1339 679 ἐληλακὼς

253 697 309 761 καί
333 688 395 781 ἤδη
421 697 623 777 ἐκλελυμένος
652 704 723 770 ταῖς
742 693 859 780 ὁρμαῖς
875 700 932 764 τοῦ
951 699 1108 780 πολέμου,
1129 692 1211 762 ὥστε
1232 692 1338 780 ἐρρῶ-

252 801 332 861 σθαι
353 793 393 861 τὰ
413 798 578 881 εἰρηναῖα,
598 797 654 859 καί
673 791 778 881 ὥσπερ
800 796 910 877 ἀμέλει
928 801 1073 885 πατρῷον
1096 800 1197 881 κτῆμα
1216 803 1282 870 τοῖς
1302 787 1361 875 γεό
1379 859 1381 867 ,

252 889 351 960 αὐτοῦ
376 898 470 961 παισί
499 891 659 960 dodisma
687 919 721 961 τε
757 893 813 961 καί
842 889 968 980 ἄτρεστα
995 900 1190 961 καταλιπεῖν.
1241 888 1338 974 Σεβό-

250 1000 337 1081 χθην
366 996 427 1077 μὲν
457 984 514 1060 οὖν
535 988 703 1072 Ἰουστῖνος
732 993 926 1081 φοιτήσαντα
956 996 990 1070 ἐς
1019 991 1071 1060 τὸν
1090 992 1225 1077 βασιλέα
1246 983 1285 1055 οὔ
1304 1014 1337 1054 τι

249 1093 338 1176 μάλα
362 1098 527 1180 προσίετο,
556 1090 626 1159 ἐπεί
655 1093 711 1158 καί
728 1087 847 1175 ἶν’λλοος,
878 1092 971 1179 ἤνίκα
991 1085 1119 1178 εἰσῆλθε
1139 1088 1218 1157 κατὰ
1240 1086 1281 1174 δὴ
1299 1085 1333 1154 τί

250 1190 364 1268 εἰωθὸς
376 1194 433 1258 τόν
454 1189 671 1278 αὕτοκροὶτορα
694 1191 939 1278 προσκυνήσων,
959 1193 1066 1278 χαμαί
1083 1190 1240 1277 ῥίψαντος
1259 1184 1334 1253 ἑαυ-

222 1288 325 1374 Βτόν,
347 1286 429 1356 odam
450 1288 590 1374 ξυμβάν,
614 1290 632 1356 ὃ
652 1298 744 1367 πῖλος
765 1288 801 1368 ὃς
820 1293 875 1357 ἐπί
892 1294 932 1381 τῇ
951 1294 1074 1380 κεφαλῇ
1093 1286 1172 1355 κατὰ
1193 1287 1230 1354 τὸ
1250 1307 1363 1352 νενο-ιο

248 1394 402 1474 μισμίνον
421 1392 568 1477 Πέρσαις
597 1393 733 1458 ἐπέκειτο
767 1393 800 1468 ἐς
830 1385 992 1479 τοῦδαφος
1012 1388 1121 1456 ἔντεσι.
1160 1383 1264 1476 τούτῳ
1285 1385 1332 1451 αι’-

247 1488 305 1579 σίρι
333 1489 400 1555 τινί
428 1491 578 1579 συμβόλῳ
603 1487 801 1577 χρησάμενοι
821 1488 852 1555 οἱ
877 1493 912 1557 ἒν
929 1494 1011 1556 τέλει
1030 1487 1121 1555 καίὸ
1143 1491 1245 1571 δῆμος
1267 1492 1331 1558 ταῖς

246 1592 421 1666 κολακείαις
449 1588 505 1656 τὸν
530 1591 665 1673 βασιλέα
693 1592 893 1678 ἐπτίρασαν,
922 1588 967 1666 οὖς
995 1583 1070 1655 ὅσον
1098 1577 1187 1653 οὔπω
1218 1586 1330 1651 ὑποπε-

245 1695 349 1753 σεῖται
370 1688 457 1777 αὐτῷ
476 1688 497 1773 ἢ
519 1690 660 1774 Περσίς.
697 1691 743 1779 τῷ
766 1712 816 1754 τοι
837 1682 902 1774 ἄρα
920 1688 1085 1763 ’λουστῖνος
1099 1689 1275 1774 ἐπηρμένος
1294 1675 1328 1768 ἦν

244 1793 314 1864 ταῖς
332 1789 439 1854 ἐλπίσι
453 1790 509 1853 καί
526 1791 731 1873 μετεωρίζετο
751 1791 791 1876 τῇ
812 1789 954 1878 διανοίρ,
975 1785 1014 1854 τοὶ
1037 1784 1114 1852 κατοὶ
1135 1786 1212 1851 νοῦν
1232 1783 1356 1870 ρ’ᾷοταιὸ

242 1883 431 1970 ἐκβήσεσθαι
459 1882 614 1968 οἰόμενος.
655 1888 821 1973 Σεβόχθρν
852 1886 891 1971 δὴ
927 1880 984 1951 οὖν
1003 1881 1189 1970 irratam
1210 1885 1263 1969 ἐφ’
1289 1873 1327 1955 οἷς

240 1986 434 2068 παρεγίνετο,
455 1980 472 2049 o‘
491 1983 642 2069 βασιλείς
658 1982 887 2075 περιεφρόνησέ
903 2009 939 2071 γε
958 1982 1077 2067 ου’τὸν,
1096 1985 1152 2049 καί
1171 1983 1207 2047 ἐν
1229 1977 1329 2045 oddus*

240 2081 321 2173 λόγῳ
337 2085 473 2150 ἐποιεῖτο
492 2083 547 2151 τὸν
560 2079 676 2174 ἄνδρα.
697 2084 759 2174 ἔφη
774 2090 942 2171 τοιγαροῦν
960 2084 1002 2161 ὦς
1021 2078 1144 2164 auctr,
1161 2081 1205 2157 ὥς
1232 2079 1252 2165 ἦ
1279 2103 1327 2167 φι-

241 2184 334 2267 λότης
351 2179 497 2268 χρήμασι
508 2187 718 2271 βεβαιονμίνη
739 2180 797 2252 otiu
825 2179 949 2270 α’γαθὴ·
971 2181 1090 2267 αἰσχρὰ
1109 2179 1170 2267 γοὶρ
1192 2184 1249 2246 καί
1276 2180 1324 2244 α’ν-

216 2281 454 2367 ὒδραποδοίδης
473 2279 576 2369 ω’νητή
597 2309 631 2350 τε
651 2284 673 2369 ἧ
692 2284 809 2351 τοιάδε.
840 2285 951 2370 φιλίαν
972 2285 1007 2348 δὲ
1025 2279 1082 2367 τὴν
1102 2277 1276 2368 ι’σόῤῥοπόν
1295 2299 1352 2344 rano

243 2383 300 2444 καί
319 2375 395 2464 οὐχί
413 2384 587 2467 κερδαλέαν
607 2382 791 2468 σ’ριζεσβαι,
813 2384 848 2449 ἕν
879 2375 901 2470 ᾗ
933 2385 988 2447 καί
1005 2379 1040 2447 τὸ
1064 2383 1195 2465 βέβαιον
1215 2383 1324 2465 πέπηγε
1354 2422 1355 2426 ,

244 2477 343 2565 prices
356 2482 443 2551 τινί.
468 2478 549 2569 πρός
569 2486 674 2547 τοῖσδε
696 2480 927 2548 ἅνεπυνθοίνετό
946 2507 982 2566 ys
1002 2479 1086 2567 προς
1106 2480 1216 2562 odessi,
1236 2476 1283 2564 μή
1298 2501 1324 2542 τι

243 2580 300 2643 καί
311 2577 387 2666 περί
399 2582 456 2664 τῆς
476 2579 558 2646 κατοὶ
575 2585 663 2669 σφᾶς
678 2582 845 2669 Ἀρμενίας
861 2583 1011 2666 βούλοιτο
1028 2583 1255 2664 διαλέγεσθαι.
1274 2582 1323 2644 Σι-

315 2749 337 2785 ι.
357 2728 439 2804 ὥρμα
458 2730 510 2799 N.,
528 2731 600 2787 ὥστε
618 2735 690 2807 vulg.
792 2752 834 2790 ar.
851 2736 964 2806 πέπηγε
980 2735 1034 2800 m,
1050 2733 1172 2804 πίπειγε
1188 2734 1262 2805 vulg.

241 2851 440 2923 aggrederetur.
475 2856 511 2909 Et
528 2857 640 2910 omuino
659 2856 702 2908 illi
721 2856 839 2909 maxime
857 2871 937 2907 curae
952 2864 1024 2918 erat,
1043 2871 1104 2908 cum
1118 2859 1176 2909 iam
1190 2855 1228 2908 ad
1243 2861 1323 2908 extre·

240 2939 313 2975 mam
331 2934 501 2980 senectutem
519 2930 704 2998 pervenisset,
723 2933 752 2979 et
771 2926 906 2978 bellorum
927 2926 1043 2979 consilia
1062 2929 1220 2989 omisisset,
1238 2939 1323 2996 pacem

242 2993 403 3047 inviolatam
422 3013 544 3061 servare,
575 3008 604 3051 et
620 2999 707 3050 nuliis
726 2996 807 3049 bellis
826 2997 1038 3049 interturbatam
1059 3007 1087 3049 ct
1105 2995 1267 3067 impeditam
1284 3008 1325 3046 rc-

242 3065 290 3132 gni
308 3066 418 3132 paterni
435 3070 636 3137 possessionem
656 3067 750 3120 liberis
773 3068 830 3120 suis
856 3067 1020 3137 relinquere.
1064 3069 1218 3136 Imperator
1242 3072 1324 3118 autem

243 3134 428 3189 Sebocbtbem
444 3138 480 3190 ad
496 3155 525 3190 se
543 3141 700 3192 venientem
723 3156 779 3190 uon
798 3138 890 3205 magni
911 3137 1050 3200 faciebat,
1067 3138 1230 3208 pracsertim
1248 3149 1324 3207 qnam

244 3203 406 3271 accidisset,
433 3209 543 3260 simulat
564 3225 598 3260 ue
624 3210 760 3277 ingressus
782 3217 823 3261 est
847 3209 1060 3271 Imperatorem,
1088 3217 1119 3260 ut
1144 3210 1230 3260 moris
1257 3212 1325 3267 erat,

244 3289 391 3340 venerans,
411 3287 440 3330 et
457 3280 493 3330 ad
506 3227 594 3348 pedes
612 3280 670 3330 eius
686 3280 764 3331 humi
782 3279 947 3348 procubuit,
966 3287 998 3330 ut
1013 3279 1120 3349 pileus,
1139 3295 1223 3349 quem
1241 3279 1270 3330 in
1287 3292 1325 3328 ca-

244 3344 320 3415 pite,
337 3354 368 3398 nt
386 3348 524 3401 Persarum
548 3350 620 3419 leges
640 3348 749 3412 ferunt,
776 3350 915 3418 gestabat,
942 3348 971 3401 in
996 3356 1093 3401 terrum
1114 3349 1236 3407 caderet.
1270 3349 1323 3401 IIoc

246 3417 337 3469 omine
354 3417 492 3489 principes
516 3420 567 3470 viri
593 3427 621 3472 et
645 3428 734 3473 cetera
757 3420 858 3482 turba,
883 3429 1014 3488 tanquam
1036 3418 1172 3471 'diuinitus
1201 3420 1325 3482 Immitto,

245 3487 304 3550 uti,
323 3496 351 3540 et
369 3488 449 3542 foeda
467 3490 626 3543 adulatione
644 3492 838 3560 Imperatorem
857 3491 1007 3554 extoliere,
1030 3499 1059 3540 et
1076 3490 1185 3553 dicere,
1210 3491 1282 3550 sore,
1297 3495 1325 3537 ut

244 3557 334 3611 Persis
352 3558 428 3611 brevi
448 3564 474 3613 ei
497 3560 714 3614 submitteretur.
750 3563 808 3615 IIac
826 3561 991 3631 cogitatione
1014 3568 1108 3611 mente
1134 3560 1224 3612 elatus
1249 3558 1324 3611 Iunti-

244 3644 311 3692 nus,
330 3628 359 3678 in
378 3648 453 3698 apem
471 3630 675 3695 adducebatur,
694 3633 803 3694 omnia,
822 3647 893 3702 quae
913 3632 1006 3683 animo
1028 3630 1171 3694 volvebat,
1200 3629 1237 3680 ad
1253 3633 1325 3699 opu·

245 3705 303 3750 tum
330 3701 434 3754 unitum
460 3710 631 3771 perventura.
671 3704 767 3773 Itaque
786 3720 846 3754 cum
865 3700 1033 3753 Sebochtbes
1051 3717 1099 3765 ca,
1117 3717 1236 3772 quornm
1253 3711 1325 3753 εταιε

244 3779 375 3834 venerat,
396 3777 585 3836 renuntiaret,
599 3774 765 3843 ¹Imperator
782 3790 843 3824 eum
862 3771 1042 3841 contempsit,
1068 3779 1096 3823 et
1113 3771 1192 3823 nullo
1217 3783 1323 3823 numero

244 3837 362 3904 babuit,
382 3841 523 3914 dixitque,
541 3844 690 3897 amicitiam
710 3845 834 3914 pecuniis
851 3849 1016 3894 contractam
1031 3840 1107 3892 haud
1119 3841 1240 3911 probari.
1259 3840 1323 3895 Tua·

244 3926 307 3978 pern
329 3914 402 3966 enim
423 3921 451 3966 et
468 3914 594 3966 servilem
612 3930 686 3976 esse,
706 3915 809 3984 quippe
828 3929 898 3984 quae
917 3913 1008 3981 pretio
1029 3919 1121 3980 empta
1155 3920 1221 3965 sset.
1256 3905 1322 3963 Ani·

246 3982 338 4032 citiam
356 3993 465 4046 autem,
488 3987 565 4036 cuius
584 3985 655 4039 ratio
674 3991 801 4036 conamus
829 3990 857 4035 et
879 3993 979 4035 natura
1001 3981 1072 4034 bene
1095 3983 1125 4033 su
1166 3991 1213 4036 ata
1240 3985 1320 4039 eost,

247 4055 404 4135 aequatem,
424 4071 479 4107 non
499 4063 614 4127 quaestu
630 4062 816 4124 *comparatam
835 4053 952 4105 definiri.
991 4053 1097 4105 Deinde
1117 4052 1231 4121 σκίρτα
1243 4062 1320 4124 qnae·

247 4118 325 4186 sint,
342 4124 478 4198 numquid
492 4127 577 4181 sedet
595 4124 630 4180 de
648 4124 710 4190 his,
734 4140 806 4197 qnae
825 4124 855 4178 tu
872 4123 1013 4189 Armenia,
1041 4138 1114 4196 quas
1140 4139 1237 4179 eorum
1260 4117 1318 4175 iuis
