2716 5078
483 574 535 638 DE
564 572 707 638 PETRO.
1040 581 1138 645 xxm

54 738 114 814 post
130 736 264 790 mortem
280 747 298 790 a
317 727 453 811 corippo
475 727 545 790 toni
560 731 742 813 cognomine
758 731 921 814 insignitur
933 730 993 814 ⁸⁰),
1015 742 1052 796 ut
1063 735 1138 798 otim

56 830 112 890 lies
134 831 254 891 Ancus.
298 831 386 908 Quae
398 839 500 890 tamen
510 830 638 892 virtutes
655 850 717 891 non
739 830 861 893 obstant
879 833 1043 915 quominus
1065 856 1138 900 vere

56 929 217 1012 Procopius
240 931 271 991 ci
293 929 475 1010 exprobrare
501 932 634 1011 potuerit
663 930 887 993 tirracissimnm
909 931 1025 1013 fuisse,
1046 945 1137 1019 atque

56 1028 221 1112 inexplebili
247 1029 427 1091 divitiarum
445 1028 608 1111 cupiditate
637 1031 793 1091 incensum
813 1030 871 1110 'lle
905 1035 1033 1095 avaritia
1056 1037 1138 1098 enim

56 1131 130 1212 apud
165 1133 293 1192 orientis
324 1128 472 1212 populos,
510 1129 549 1190 ad
579 1131 756 1190 servitutem
793 1131 966 1215 prolapsos,
998 1155 1139 1217 persaepe

56 1233 300 1315 etiamtvirorum
315 1231 442 1291 minime
462 1229 612 1290 malorum
629 1231 746 1292 animos
765 1232 899 1294 invadit:
923 1253 1055 1316 quorum
1082 1234 1139 1298 bo·
1264 1261 1268 1270 ·

56 1333 127 1393 nitas
141 1353 178 1393 co
193 1342 316 1393 tantum
332 1331 449 1406 elucet,
470 1331 553 1415 quod
576 1352 674 1415 nopae
692 1332 854 1394 cmdeliter
869 1346 963 1418 agunt
977 1356 1140 1400 numerum

57 1453 159 1510 cansa,
180 1454 282 1515 noque
304 1436 351 1495 ius
385 1431 642 1515 violantz'quales
663 1444 734 1493 sunt
756 1433 817 1493 scre
844 1436 943 1518 siqui
966 1438 1140 1499 iuterTur'·

58 1552 102 1592 cns
121 1535 179 1595 viri
193 1533 271 1594 boni
292 1532 449 1594 dicuntur.
489 1534 526 1594 ln
540 1554 602 1615 qno
627 1555 734 1616 genere
758 1532 875 1597 illustre
891 1535 1062 1618 exemplum
1076 1542 1140 1598 erat

59 1635 197 1695 memoria
214 1655 285 1696 mea
297 1632 526 1696 Mohammcdes
538 1654 638 1709 senex,
661 1633 802 1717 Algeriae
814 1645 944 1719 satrape.
977 1636 1061 1698 Nihil
1081 1637 1140 1701 hoc

60 1734 118 1794 viro
144 1735 272 1814 rnitius,
306 1734 431 1815 eiusque
445 1732 506 1794 lide
537 1731 608 1794 data
632 1733 710 1795 nihil
741 1734 891 1796 sanctius:
922 1747 955 1796 nt
978 1736 1059 1798 idem
1076 1759 1139 1801 uon

61 1830 148 1892 solum
168 1835 230 1893 nisi
262 1854 369 1915 pacem
386 1833 426 1893 ab
449 1853 485 1894 co
502 1833 697 1912 redemimus,
718 1835 877 1917 piraticam
898 1835 1074 1915 exercebat3
1091 1839 1139 1899 vi·

61 1929 214 2014 chaque,
237 1934 305 1995 sine
323 1952 378 1994 sua
398 1931 512 2016 culpa,
535 1954 629 2016 pace,
650 1935 787 2017 gavisum
809 1955 872 1995 csse
893 1936 1011 2015 cred03
1032 1959 1140 2001 verum

62 2034 140 2092 etiam
158 2032 298 2115 qnotidie
317 2055 371 2116 per
394 2055 551 2116 vesperam
572 2037 672 2096 aurcis
691 2035 886 2097 numerandis
901 2057 934 2098 sc
955 2035 1136 2099 delectabat.

63 2128 258 2193 Prscdiritern
273 2144 355 2195 certe
377 2133 469 2196 finisse
488 2134 614 2195 Petrum
633 2133 704 2195 inde
727 2135 916 2219 colligimus,
938 2136 1020 2218 quod
1039 2138 1139 2200 insula

64 2229 199 2308 Amana,
220 2235 254 2293 in
270 2256 332 2316 qua
352 2238 428 2298 cotis
449 2237 570 2298 fodinae
586 2239 811 2317 exercebantur,
836 2242 952 2323 integra
971 2263 1027 2323 pro
1046 2242 1139 2303 firndo

66 2329 180 2391 aduam
199 2333 426 2414 pertinebatffll.
450 2335 566 2397 Eadem
582 2340 740 2399 servitutis
761 2339 879 2398 miseria
902 2342 984 2399 viros
1002 2343 1140 2421 quamvis

67 2428 149 2493 bonna
165 2436 384 2496 immanissima
401 2436 545 2518 principis
561 2437 640 2498 iussa
655 2458 713 2518 pro
730 2439 864 2499 numinis
877 2438 1007 2499 oraculis
1021 2443 1141 2523 exsequi

68 2533 152 2614 cogit,
171 2537 258 2616 quasi
275 2534 355 2596 nibil
369 2537 495 2598 arbitrio
518 2557 573 2597 suo
597 2537 736 2598 relictum
763 2540 820 2604 sit:
848 2538 951 2619 itaque
969 2560 1141 2602 asseverare

69 2650 121 2691 nnn
133 2634 275 2695 auderem
292 2634 474 2697 calumniam
486 2658 550 2698 esse
557 2636 700 2718 Procopii
715 2638 866 2699 narrantis
875 2636 1141 2702 Theodahaduma

69 2726 148 2793 Petro
171 2734 212 2796 ad
234 2733 475 2798 Amalasunthae
495 2757 601 2798 necem
626 2739 784 2799 incitatum
805 2757 868 2799 csse
889 2737 948 2819 ”le
971 2739 1028 2798 nisi
1051 2758 1141 2800 causa
1203 2727 1206 2732 ¹

68 2852 145 2912 quam
165 2833 255 2896 affert
272 2857 328 2896 cnr
349 2836 511 2898 Theodora
529 2839 653 2898 exitium
675 2838 801 2900 infelicis
827 2840 948 2920 reginae
969 2838 1141 2900 machinata

67 2943 132 2992 met
145 2944 208 2994 um
229 2957 341 3017 parum
359 2936 510 2997 credibilis
532 2937 609 2997 foret
619 2980 632 3009 ,
651 2947 686 2997 ut
701 2937 759 2997 hnc
782 2958 904 3019 quoque
930 2936 1044 2998 crimen
1075 2958 1141 2998 ma·

66 3027 170 3095 tcdicm
192 3055 323 3096 vesanae
349 3035 553 3118 impudentiae
572 3038 721 3098 accenseri
744 3056 833 3119 posse
850 3036 1013 3098 confidam.

137 3133 231 3195 Petro
247 3134 382 3196 Patricio
397 3136 504 3196 Suidas
525 3130 665 3215 ἱστορίας
685 3136 810 3196 tribuit:
835 3134 917 3196 unde
937 3138 1047 3217 petitae
1060 3134 1140 3196 eclo-

63 3250 114 3310 gae
138 3234 172 3292 in
192 3244 324 3316 utroque
343 3234 434 3297 titulo
453 3233 492 3297 de
513 3234 713 3318 legationibus
732 3245 871 3296 exstant:
893 3257 1022 3318 quarum
1043 3239 1141 3319 prima

63 3330 99 3391 ad
122 3335 282 3415 imperium
305 3335 449 3417 Tiberii,
469 3335 578 3396 ultima
601 3335 707 3396 adres
730 3357 748 3395 a
778 3334 920 3410 Iuliano,
944 3334 1042 3395 adhuc
1066 3335 1141 3396 Cae·

60 3450 142 3508 aare,
162 3433 220 3493 sub
240 3436 380 3516 auspiciis
400 3436 568 3498 Constantii
583 3438 615 3497 in
628 3430 728 3496 Gallia
749 3445 845 3517 gestas
864 3435 1005 3517 pertinet.
1049 3434 1142 3514 Quod

62 3528 228 3594 sinlterius
242 3554 419 3615 progressus
437 3546 514 3596 esset
526 3537 575 3614 ‚is
599 3536 651 3618 qui
669 3534 786 3616 eclogas
814 3533 942 3595 confecit
963 3552 1025 3594 non
1047 3535 1144 3616 magis

62 3627 92 3687 in
112 3630 206 3692 Petro
225 3654 318 3715 wara
337 3636 371 3695 in
398 3635 502 3696 ceteris
525 3634 663 3695 ultimam
676 3636 778 3717 operis
797 3644 914 3716 partem
942 3632 1139 3717 neglexisset:

62 3727 159 3810 itaque
173 3752 244 3791 eurn
263 3731 355 3793 finem
381 3733 484 3796 fecisse
503 3733 557 3794 ubi
574 3733 731 3816 Eunapius
747 3754 795 3793 res
815 3732 903 3814 plene
921 3753 1046 3794 narrare
1066 3733 1142 3794 inci·

61 3826 158 3908 piabat
190 3851 255 3890 non
284 3831 402 3893 dubito.
445 3834 563 3896 Verum
588 3836 621 3893 in
632 3828 704 3916 ''quo
725 3843 862 3915 temporo
886 3829 1035 3892 'historiae
1069 3852 1144 3891 suaa

61 3925 180 3987 initium
198 3930 411 4010 constituerit,
435 3950 470 3993 ea
490 3926 625 4014 quaestio
640 3953 702 4012 non
724 3952 817 4013 acque
835 3942 915 3993 certe
932 3929 1065 4014 expediri
1085 3949 1141 4010 po·

59 4032 134 4087 nce:
161 4048 268 4110 regum
288 4041 391 4090 tamem
412 4028 559 4114 liberique
573 4030 679 4114 populi
699 4031 829 4091 Romani
842 4030 979 4112 tempora
1000 4038 1144 4089 tractasse

60 4140 120 4184 nnn
132 4127 312 4189 crediderim
324 4152 333 4208 3
346 4150 441 4213 quum
456 4141 579 4212 propter
588 4128 759 4212 eclogarum
777 4153 812 4190 cx
830 4131 971 4190 universo
990 4126 1050 4186 hoc
1064 4136 1143 4186 tem·

61 4243 132 4305 με
148 4224 312 4307 deiectum,
324 4239 391 4290 tum
406 4231 549 4312 quianon
571 4230 660 4291 viden
682 4228 756 4312 quid
771 4227 925 4290 hominem
943 4227 1141 4309 Byzantinum

94 4402 627 4489 3⁰)Corippusdelti1d.1ustl3nq1
699 4405 871 4474 31)Procop.
890 4404 907 4454 1.
926 4403 943 4454 1.
1007 4404 1057 4530 Sag
1069 4405 1141 4457 Her-

128 4476 230 4530 molam
247 4492 279 4530 m
299 4475 424 4539 ethnicis
440 4475 572 4552 Stephana
589 4492 609 4528 r.
628 4490 655 4531 a
669 4472 793 4530 Ἀκόναι.
847 4477 894 4545 33)
910 4471 1029 4528 luendi
1063 4490 1089 4544 p.
1098 4475 1139 4542 47.
