2716 5078
200 223 253 331 ιλ
535 246 748 315 mesum
777 249 804 314 ιε
831 247 1006 314 ιιιιιιιιο

50 429 227 500 tempure
246 421 402 509 ύμέτερον
422 421 502 507 πρός
523 417 628 488 πόντοι
660 422 804 488 κίνδυνον
824 422 860 486 iss
877 417 994 488 τούτου
1015 421 1201 509 ἀδεέστερον
1221 421 1298 503 δξει,

48 501 251 589 ΔιικωἸιιαί
266 524 330 588 τῶν
347 524 508 606 μεγίστων
527 522 751 608 στρατοπέδων
771 518 988 589 συνελθόντων
1018 520 1091 587 οὐδ’
1108 521 1243 607 ἡτισοῦν
1263 515 1313 604 s‘s-⁴

194 625 273 709 τέρα
290 619 366 706 χείρ
387 619 566 706 ἀξιόμαχος
586 621 664 706 ήμῖν
684 618 928 705 νομισθήσεται.
969 621 1001 686 εἰ
1019 621 1056 686 δέ
1074 642 1125 697 τις
1142 621 1184 708 τῇ
1202 613 1299 685 εύτυ-

192 719 252 810 χίρι
273 723 333 786 τού
352 722 492 803 πολέμου
515 719 725 807 ἐπαιρόμενος
753 715 906 807 όλίγωρός
933 719 1003 786 όστι
1031 716 1114 806 πρός
1132 715 1192 804 τήν
1212 717 1298 800 σύμ·
1328 744 1340 775 ·‘

192 828 308 906 βασιν,
345 817 454 910 χνιότω
482 814 521 885 ού
541 819 662 910 βεβαίῳ
683 815 848 906 πράγματι
874 818 1132 906 θρασυνόμενος,
1168 819 1226 885 καί
1245 812 1319 888 ότιό

191 922 249 986 όπί
274 919 373 986 παντί
399 919 500 1007 φόρον
532 922 589 1007 τής
621 916 776 1004 δοκούσης
808 921 985 1004 εύπραγίας
1019 918 1214 1006 ήττηθέιτας
1242 916 1302 985 καί

190 1017 271 1108 πρός
290 1016 348 1105 τήν
368 1020 536 1105 παροῦσαν
555 1023 614 1105 τῆς
627 1017 729 1104 τύχης
747 1015 852 1105 ἀκμήν
866 1014 1098 1109 ἀποκλίναντας
1118 1019 1183 1084 τυόν
1203 1011 1299 1100 ἀμει-

159 1116 291 1187 Βνόνων
309 1118 505 1205 ἐξηρτῆσθαι
523 1114 633 1201 μόνων
659 1119 816 1202 ἐλπίδων,
855 1115 913 1182 καί
937 1114 1002 1182 ύπό
1033 1114 1201 1193 τοιαύταις
1221 1110 1299 1182 ἀνο-

188 1221 283 1305 μίαις
302 1221 360 1303 τής
380 1241 416 1283 τε
437 1216 518 1305 πρός
539 1216 677 1304 θάτερον
696 1219 878 1304 μεταβολῆς
897 1218 1064 1304 ύπεριδεῖν
1085 1219 1143 1281 καί
1162 1240 1296 1298 συμμα-ι

186 1319 266 1403 χίαν
293 1310 443 1403 εύιιαιρον
470 1318 640 1402 διδομένην
676 1318 958 1404 παραιτήσασθαι.
999 1311 1168 1403 πεφύκασί
1192 1311 1339 1384 scatio

186 1420 318 1502 μείζους
339 1415 511 1504 στρατιαί,
540 1415 631 1502 παρά
651 1418 712 1500 μὲν
731 1413 790 1502 τήν
811 1416 939 1503 πρώτην
959 1413 1079 1503 θ’ἀρσει
1100 1415 1220 1493 οἰκείας
1238 1417 1300 1479 δυ-

186 1519 311 1600 νάμεως
331 1514 544 1605 ἐπαιρόμεναι
563 1518 620 1582 καί
639 1517 792 1606 ἐλαχίστῃ
812 1516 994 1607 προμηθείᾳ
1011 1514 1194 1603 χρώμεναι,
1235 1513 1300 1581 σύν

186 1613 423 1706 καταφρονήσει
453 1619 517 1685 τάν
551 1614 846 1699 ἀντιπολεμούντων
872 1616 929 1682 ἐπί
946 1613 1006 1692 τοὶς
1032 1613 1142 1699 μάχας
1162 1612 1299 1701 πορεύει

122 1797 125 1802 ·
186 1721 270 1783 σθαι
288 1719 345 1781 καί
363 1712 443 1781 ιιατά
467 1712 502 1781 τό
534 1714 720 1803 ἀφύλακτον
751 1715 796 1792 ιός
825 1712 881 1780 ἐπί
908 1712 991 1781 πολύ
1022 1712 1059 1781 τό
1083 1707 1177 1802 ἧττον
1197 1712 1297 1798 ἔχειν,

186 1813 223 1880 αἱ
245 1817 281 1879 δὲ
308 1817 355 1904 τῷ
376 1817 527 1905 αἰφνιδίῳ
548 1816 605 1880 καί
633 1820 713 1902 παρ’
733 1817 848 1881 ε’λπίδα
877 1811 1065 1902 χωρήσαντι
1096 1817 1237 1904 λογισμῷ
1259 1838 1310 1884 τει

187 1911 333 2003 ἀσφαλεῖ
357 1916 415 1979 καί
441 1915 611 2002 περιουσίᾳ
640 1911 806 1998 δυνάμεως
826 1917 967 2000 βεβαίως
993 1908 1197 2001 χρησόμενοι
1217 1915 1299 1978 δυσ-

188 2009 377 2098 μαχύτοτοι
397 2021 463 2090 τοῖς
484 2007 670 2090 ἀντιπάλοις
689 2015 847 2098 γίνεσθαι.
889 2009 950 2079 σύν
973 2011 1011 2099 δή
1034 2011 1166 2101 τοιαύτῃ
1190 2013 1300 2078 ἐλπίδι

161 2114 247 2185 exat
264 2113 358 2198 ἡμεῖς
379 2113 457 2202 διχῇ
475 2111 535 2199 τήν
565 2109 705 2197 δύναμιν
736 2109 898 2189 διελόντες
928 2109 966 2177 τό
998 2116 1146 2198 πρῶτον,
1186 2109 1245 2175 καί
1263 2114 1299 2177 ἐν

184 2216 232 2303 τῷ
251 2214 385 2301 ποταμῷ
405 2209 445 2276 τά
467 2209 567 2278 πολλά
587 2212 672 2303 τύχη
691 2216 814 2297 μᾶλλον
834 2205 855 2300 ή
875 2212 976 2299 ἀρετή
998 2209 1139 2299 ύμετέρρ
1159 2212 1299 2297 σφαλέν-

184 2334 254 2393 τες,
275 2304 344 2400 ιοόιι
363 2307 600 2398 ἀπροσδόκητοί
617 2315 713 2395 ἔσμεν
734 2307 818 2379 ἀλλά
843 2317 913 2397 νύν,
935 2309 1004 2395 ἅμα
1018 2315 1064 2403 τῷ
1083 2313 1142 2377 τοῦ
1160 2313 1296 2392 μέλλον-

184 2434 243 2489 τος
274 2415 444 2495 προμηθεῖ,
476 2412 536 2494 οόχ
557 2407 727 2479 ύπόστατοι
756 2412 835 2496 ύμῖν
854 2412 1021 2497 γενέσθαι.
1063 2406 1234 2495 κράτιστον
1256 2398 1298 2495 δή

257 2537 281 2573 u
303 2515 365 2571 οὐδ’
384 2517 635 2584 ἧτισοόνεδθει,
653 2518 720 2574 οὔδ’
733 2521 763 2572 εἴ
777 2538 821 2580 τις
839 2514 893 2576 σύν
902 2519 945 2574 ed.
956 2521 989 2573 Η.
1024 2522 1052 2576 6.
1062 2521 1168 2590 φέρον]
1188 2522 1304 2591 σφαλε·

257 2579 313 2662 ρόν
329 2589 363 2640 Ν.
434 2593 460 2646 8·
479 2591 554 2643 Fort
572 2589 694 2664 ἀνοίαις.
716 2594 744 2644 Β.
794 2596 834 2647 ι5.
853 2593 885 2651 F.
898 2587 1004 2645 excidit
1019 2589 1211 2661 διδαχθεῖοαι
1233 2599 1311 2662 post

257 2657 431 2733 χωρήσαντι.
439 2659 472 2714 Ν.
548 2663 586 2715 ι8.
606 2664 665 2738 καὶ]
687 2665 737 2719 aas
754 2661 787 2718 ir
803 2666 841 2735 μή
859 2667 908 2716 καί
924 2659 959 2721 N.

189 2749 286 2802 hostes
304 2749 389 2802 vestri
407 2749 438 2802 in
454 2763 503 2800 τοι
523 2751 681 2815 irruerunt,
699 2759 794 2804 contra
817 2752 891 2822 ipsos
914 2766 970 2802 uns
985 2765 1048 2801 cum
1060 2755 1152 2800 vestro
1171 2751 1307 2805 exercitu

188 2822 221 2874 in
242 2819 302 2872 scie
320 2820 455 2873 stetimus.
493 2818 579 2891 Quod
600 2830 630 2876 ct
643 2820 733 2875 adhuc
752 2839 826 2874 nunc
848 2823 938 2874 fucere
954 2819 1044 2890 parati
1059 2834 1172 2882 sumus,
1197 2828 1231 2872 ut
1248 2838 1307 2874 re-

187 2899 275 2944 strum
293 2890 448 2961 periculum
464 2889 587 2944 levemus
607 2901 720 2958 nostro,
748 2900 778 2945 et
795 2893 883 2946 tutius
901 2891 982 2945 vobis
1005 2891 1049 2942 sit.
1085 2887 1157 2941 Num
1176 2892 1303 2944 coniun-

187 2963 240 3015 ctis
257 2963 385 3015 maximis
402 2963 506 3014 nostris
525 2964 704 3027 exercitibus,
723 2964 801 3016 nulla
818 2962 873 3016 slis
890 2978 988 3014 manus
1003 2977 1053 3030 psr
1070 2958 1153 3013 nobis
1182 2962 1212 3013 in
1225 2979 1295 3014 con·

186 3030 303 3086 serenda
321 3048 412 3102 pugna
438 3032 604 3088 censebitur.
642 3035 805 3088 sinautem
826 3034 888 3105 quis
909 3048 1041 3103 prospero
1062 3047 1154 3083 rerum
1169 3033 1200 3083 in
1217 3032 1295 3086 bello

187 3119 314 3156 successu
333 3104 421 3155 elatus
446 3108 601 3170 contemnit
619 3113 647 3159 et
664 3106 773 3159 alicnus
794 3113 836 3157 est
853 3121 869 3156 a
887 3120 970 3173 pace:
990 3102 1067 3164 sciat,
1086 3118 1116 3153 se
1134 3100 1212 3154 haud
1227 3105 1292 3157 satis

187 3174 266 3226 firma
286 3181 314 3224 et
332 3174 427 3225 stabili
448 3190 477 3226 re
498 3174 598 3241 inniti,
618 3176 666 3230 sed
684 3178 715 3229 in
733 3193 869 3229 summum
879 3176 1026 3227 discrimen
1037 3171 1155 3237 adduci,
1173 3175 1290 3244 quicun-

188 3261 243 3314 que
262 3244 399 3297 secundae
418 3244 545 3298 fortunae
566 3249 657 3318 specie
680 3249 768 3300 victus
795 3256 824 3300 et
849 3246 989 3318 praesenti
1016 3244 1144 3295 felicitati
1172 3246 1290 3297 confisus

187 3315 247 3367 sola
266 3314 411 3368 meliorum
430 3331 604 3370 successuum
620 3335 668 3388 spe
686 3319 805 3381 uitetur,
825 3319 929 3389 quique
947 3317 977 3368 in
995 3329 1027 3367 cs
1045 3315 1130 3366 enimi
1152 3314 1291 3369 immode-

188 3392 247 3437 rata
266 3386 387 3439 elutione
403 3385 438 3437 ad
456 3388 640 3441 mutationem
657 3407 750 3442 rerum
767 3406 824 3441 non
840 3387 963 3441 advertet
981 3391 1010 3438 et
1027 3386 1171 3454 suppetias
1189 3401 1289 3454 oppor-

187 3462 257 3508 tune
269 3456 324 3508 sibi
342 3455 450 3509 oblatas
473 3469 594 3526 respuat
630 3461 670 3512 Ex
692 3477 748 3531 quo
763 3459 821 3512 sere
838 3461 878 3512 itu
898 3465 1085 3526 comparatum
1106 3462 1157 3520 est,
1172 3463 1206 3507 ut
1226 3474 1289 3525 pro·

186 3528 311 3598 priscum
335 3526 437 3580 virium
463 3526 579 3594 fiducia,
603 3533 752 3600 praecipue
776 3530 894 3583 maiores
919 3529 1015 3598 copiae
1041 3528 1143 3589 fretae,
1174 3528 1289 3581 minime

186 3596 366 3668 providentis
385 3599 414 3648 in
432 3597 515 3650 rebus
534 3602 590 3667 suis
608 3610 738 3664 utentes,
757 3600 792 3652 sd
809 3599 985 3670 pugnandum
1004 3596 1137 3651 accedunt
1151 3603 1181 3648 ct
1195 3595 1288 3652 hostes

189 3667 363 3739 contemptui
380 3665 514 3731 habeant,
531 3671 657 3742 equibus
670 3672 784 3725 minime
796 3673 851 3724 sibi
863 3678 990 3723 caventes
1000 3675 1172 3737 supersutur-
1212 3667 1290 3738 Qnse

187 3753 254 3791 vero
274 3740 304 3790 in
326 3740 478 3808 repentinis
499 3747 527 3792 et
545 3743 692 3814 insperatis
712 3743 820 3795 casibus
832 3742 948 3794 consilio
960 3746 1022 3791 tuto
1048 3746 1077 3791 et
1097 3739 1198 3790 virium
1211 3756 1291 3808 prse-

191 3811 372 3864 sunniacum
390 3809 560 3864 firmitudine
578 3821 709 3878 utuntur,
727 3829 825 3883 magns
843 3829 903 3864 cum
922 3809 1088 3863 difficultate
1106 3807 1142 3862 sb
1160 3807 1290 3866 hostibus

190 3881 341 3951 expugnari
366 3888 489 3949 possunt.
531 3883 621 3936 liuius
647 3886 688 3936 rei
714 3882 832 3947 fiducia,
857 3883 992 3954 quamvis,
1016 3881 1076 3933 scic
1099 3878 1234 3949 bipartita
1255 3882 1292 3936 sd

189 3948 318 4014 fluvium,
337 3951 448 4005 fortuna
461 3953 572 4022 potius,
592 3971 675 4027 quam
692 3964 782 4009 vestra
799 3957 902 4008 virtute
923 3952 1005 4005 nobis
1034 3951 1140 4003 cladem
1157 3949 1293 4005 intuleri-

190 4022 244 4084 tis,
263 4020 337 4073 hand
351 4039 400 4092 spe
418 4022 544 4077 destituti
560 4042 664 4090 sumus,
683 4026 859 4096 diligentiore
877 4023 993 4094 posthac
1009 4023 1111 4075 uostris
1125 4018 1210 4074 rebus
1224 4039 1292 4078 οιιι·

188 4092 267 4143 tione
281 4090 423 4157 adhibita,
441 4093 552 4157 iore‚ut
567 4113 618 4149 nos
633 4098 769 4150 sustinere
789 4097 905 4149 minime
919 4093 1041 4146 valentis.
1078 4094 1176 4163 Itaque
1196 4098 1290 4163 potius

190 4169 249 4225 est,
269 4168 301 4214 ut
315 4179 363 4226 vos
379 4163 528 4230 commoda,
545 4183 616 4237 quse
635 4184 670 4222 cx
687 4184 754 4239 prce
768 4164 1130 4239 proueniuntpercipiatis,
1149 4164 1291 4218 etiunetis
