2782 5100
236 260 315 361 140
339 255 342 259 ’
646 234 875 345 'metauri

384 448 399 478 (i

92 505 219 575 tutis
309 500 350 568 α’.
402 467 480 573 Οτι
493 497 697 564 formetur
717 492 796 562 κατά
818 492 873 561 τόν
893 494 948 581 τῆς
967 491 1171 581 πανηγύρεως
1192 492 1306 583 καιρόν

80 576 590 701 Τξέοᾱηέἓκαταστραιηγησάντων
615 592 791 685 Ῥωμαιόυς
820 594 876 661 καί
893 593 1027 672 πολλοός
1047 593 1237 678 ἀνελόντων,
1273 594 1306 660 οἱ

152 718 179 770 Ρ.
188 699 377 783 33Ῥωμαΐοι
396 702 578 765 ἐπέστελλον
597 693 678 783 πρός
696 693 771 772 rode
792 692 941 778 Σκόθας,
961 697 996 760 ἐν
1017 696 1103 784 αἰτίη
1123 694 1307 777 ποιούμενοι

148 786 280 885 Μτῆς
298 803 359 866 τοῦ
378 798 536 888 φρουρίου
558 795 708 883 αἱρέσεως
725 798 829 861 ἕνεκεν
849 793 904 860 κατ’
920 798 977 880 τῆς
994 798 1056 861 τάν
1076 796 1217 861 σπονδῶν
1238 797 1308 860 ἀλι-

223 901 353 984 γωρίας.
375 895 405 962 oi
426 900 462 963 δὲ
475 891 689 983 ἀπεκρίναντο,
709 895 754 971 ἀς
775 886 832 959 οόκ
852 890 1035 979 ἀρξάμενοι,
1056 887 1125 960 ἀλλ’
1145 889 1329 976 ἀμυνόμε-5

223 1001 389 1063 vetrariae
411 993 572 1084 δράσειαν
596 993 651 1061 τόν
672 992 734 1079 γάρ
753 998 809 1079 τῆς
829 989 969 1081 Μόργου
988 995 1156 1060 ἐπίσκοπον
1168 995 1214 1069 εἷς
1231 986 1309 1057 ἑαυ-

222 1099 287 1162 τυόν
307 1089 523 1182 ἀναβεβηκδτα
542 1099 600 1180 γῆν
619 1092 676 1159 καὶ
695 1089 977 1179 διερευνησάμενοι
997 1089 1054 1168 κάς
1079 1088 1167 1178 παρά
1196 1114 1311 1180 σφισιν

222 1198 403 1277 βασιλείους
421 1194 535 1279 θήκας,
550 1197 756 1279 σεσυληκέναι
774 1190 849 1269 sede
867 1190 1093 1276 ἀποκειμένους
1106 1187 1309 1281 θησαυρούς·

192 1292 278 1359 lines*
295 1296 327 1359 εἰ
345 1291 390 1379 μὴ
411 1297 521 1360 τοῦτον
542 1294 670 1374 ἐνδοῖεν,
692 1293 812 1358 ἐκδοῖεν
831 1294 867 1356 δὲ
893 1294 950 1356 καί
963 1289 1037 1368 τοός
1059 1285 1206 1378 φυγάδος
1225 1286 1308 1353 κατὰ

221 1391 260 1460 τό
282 1391 491 1475 ἀποκείμενα,
522 1385 702 1480 (εἶναιγὰρ
726 1389 813 1476 παρὰ
836 1390 1007 1473 Ῥωμαιόις
1034 1391 1229 1475 πλείστους,)
1251 1383 1351 1452 sirio

220 1489 359 1573 πόλεμον
378 1489 515 1570 ἐπάξειν.
550 1490 716 1573 Ῥωμαίων
737 1492 773 1555 δὲ
791 1488 849 1575 τὴν
869 1492 975 1556 αἰτίαν
995 1488 1055 1553 οάκ
1076 1482 1181 1573 ἀληθῆ
1202 1487 1309 1573 φαμέ-

220 1615 284 1656 νων
305 1583 401 1673 εἶναι,
435 1592 469 1655 έν
489 1597 555 1665 τοῖς
575 1593 738 1678 σφετέροις
765 1586 869 1676 λόγοις
897 1588 931 1656 τό
954 1585 1067 1655 πιστόν
1097 1584 1127 1651 οἱ
1146 1583 1309 1672 βάρβαροι

220 1690 350 1770 θέμενοι
378 1691 510 1775 κρίσεως
533 1691 594 1771 μὲν
619 1690 683 1754 τάν
711 1683 899 1777 ἀμφιβόλων
931 1683 1191 1774 κατωλιγάροον,
1227 1682 1310 1769 πρός

219 1784 357 1870 πόλεμον
377 1790 413 1853 δὲ
433 1787 614 1872 ἐτράπησαν
620 1837 631 1869 ,
665 1789 722 1853 καί
740 1790 969 1874 περαιωθέντες
987 1784 1043 1853 τόν
1056 1779 1179 1872 Ἴστρον
1199 1779 1309 1858 πόλεις

219 1889 276 1952 καί
297 1888 439 1976 φροόρια
459 1895 591 1954 πλεῖστα
613 1885 669 1954 ἐπί
681 1891 725 1976 τῷ
745 1889 877 1978 ποταμῷ
898 1885 1082 1955 ἐκάκωσαν.
1121 1888 1157 1951 ἐν
1185 1878 1231 1962 οἷς
1253 1887 1310 1948 καί
1315 1890 1353 1951 ι5

217 1983 254 2050 τό
275 1985 467 2076 Βιμινάκιον
484 1982 584 2055 εἷλον·
624 1983 715 2063 πόλις
742 1989 779 2052 δέ
804 1983 886 2072 αὕτη
905 1989 969 2053 τῶν
989 1989 1023 2052 έν
1042 1989 1207 2072 Ἰλλυριοῖς
1227 1986 1315 2054 Mv·.

218 2086 293 2151 σοῖν.
315 2077 360 2152 οἷν
373 2089 553 2169 γινομένων,
573 2084 631 2151 καί
645 2110 739 2154 τινων
759 2083 1017 2172 λογοποιοόντων,
1038 2086 1082 2161 ὥς
1102 2084 1120 2148 δ
1141 2085 1310 2159 ἐπίσκοπος

218 2187 378 2270 ἐκδοθείη,
400 2181 482 2251 ὥστε
499 2184 545 2271 μὴ
567 2180 637 2263 ἑνός
656 2180 772 2273 ἀνδρός
792 2188 865 2273 πέρι
884 2189 930 2274 τῷ
947 2189 1046 2252 παντί
1066 2182 1233 2267 Ῥωμαίων
1252 2179 1310 2247 τόν

219 2285 254 2347 ἐκ
273 2289 331 2349 τοῦ
348 2289 486 2367 πολέμου
508 2287 691 2369 ἐπαχθῆναι
708 2287 860 2365 κίνδυνον,
883 2285 1082 2370 ὑποτοπήσας
1103 2282 1120 2348 ὅ
1141 2276 1311 2370 ἀνθρωπος

143 2382 469 2468 Ρ·3όέκδοθήσεσθαι,
490 2382 599 2449 λαθοόν
619 2382 694 2460 τοός
713 2385 747 2450 ἐν
766 2386 809 2472 τῷ
830 2378 919 2451 ἀστει
940 2383 1020 2471 πρός
1043 2382 1119 2460 sosio
1139 2383 1357 2464 πολεμιουςςο

218 2482 443 2565 παραγίνεται,
465 2479 521 2546 καί
539 2483 648 2558 adroic
675 2479 878 2567 πυραδοόσειν
907 2479 1106 2567 όπισχνεΐται
1127 2479 1188 2567 τὴν
1206 2477 1311 2560 πόλιν,

219 2576 283 2664 εἴγε
304 2579 438 2655 ἐπιεικές
457 2604 490 2644 τι
511 2577 619 2645 eisaie
639 2584 771 2647 Σκυθῶν
790 2582 1013 2666 βουλεύσαιντο
1032 2586 1183 2665 βασιλεῖς.
1218 2575 1250 2643 οῖ
1274 2576 1312 2642 δὲ

290 2816 313 2854 ι.
345 2755 491 2869 scythae,
518 2818 573 2874 quo
595 2810 718 2873 tempore
743 2809 877 2858 mercatus
899 2800 1061 2871 Scytharum
1080 2806 1110 2854 et
1126 2799 1314 2861 Romanorum

217 2868 358 2940 frequenti
376 2869 556 2926 multitudine
573 2874 779 2939 celebrabatur,
797 2877 931 2928 Romanos
949 2890 1012 2925 euru
1031 2870 1154 2926 exercitu
1178 2873 1243 2923 sunt
1260 2867 1312 2920 ad-

219 2940 291 3003 orti,
317 2950 347 2993 et
369 2943 470 2996 multos
499 2945 666 2998 occiderunt.
704 2946 824 2998 ,Romani
853 2943 889 2996 ad
907 2943 1020 3011 Scythas
1038 2943 1187 3004 miserunt,
1205 2939 1255 3009 qui
1276 2936 1315 2990 de

216 3009 349 3077 praesidii
367 3015 570 3082 expugnatione
597 3024 626 3068 et
645 3012 786 3068 foederum
808 3023 966 3083 contemptu
991 3030 1053 3066 cunr
1079 3013 1119 3066 eis
1151 3009 1312 3079 expostula·

219 3086 289 3131 rent.
325 3081 362 3132 tti
386 3098 450 3135 vero
468 3089 497 3136 se
520 3103 576 3138 non
595 3087 668 3139 ultro
691 3085 796 3138 bellurn
823 3087 988 3151 inserentes,
1014 3082 1063 3136 sed
1080 3083 1165 3134 factas
1194 3079 1313 3131 iniurias

219 3146 399 3215 ulciscentes,
421 3151 490 3205 haee
513 3154 610 3208 fecisse
635 3156 842 3226 responderunt.
883 3155 972 3223 Margi
1000 3153 1074 3206 enim
1097 3169 1112 3203 e
1133 3151 1255 3218 iaeopur‘a
1279 3149 1313 3200 in

219 3233 284 3269 suos
304 3219 371 3271 fines
388 3229 603 3292 transgressum,
628 3226 723 3279 fiscum
741 3228 846 3296 regium
874 3233 904 3278 et
929 3223 1086 3276 reconditos
1134 3233 1244 3273 esauros
1262 3218 1312 3271 in-

220 3287 346 3356 dagatum
363 3292 506 3361 expilasse.
543 3294 623 3348 Hune
639 3297 695 3348 nisi
709 3295 842 3351 dederent
865 3313 921 3349 una
948 3309 1008 3346 eurn
1023 3290 1188 3361 transfugis,
1205 3295 1238 3340 ut
1248 3288 1311 3341 ioe-

220 3357 333 3411 deribus
352 3365 523 3426 convenerit,
546 3371 618 3427 (esse
636 3367 711 3419 eninr
736 3367 810 3436 apud
837 3383 884 3419 eos
907 3365 1027 3436 piures,)
1052 3360 1157 3415 bellum
1175 3360 1313 3412 illaturos.

219 3428 300 3512 Quae
317 3446 378 3484 eum
398 3431 586 3505 Romouilvera
604 3452 663 3491 ease
679 3445 820 3510 negarent,
846 3435 956 3491 barbari
973 3450 1038 3488 vero
1062 3435 1093 3486 in
1110 3447 1315 3501 eorum,·quae

181 3540 184 3547 .
221 3498 368 3564 dicebant,
386 3502 440 3556 fide
456 3512 618 3574 perstarent,
635 3507 770 3562 iudicium
789 3507 903 3580 quidem
918 3508 952 3561 de
970 3504 1034 3570 his,
1054 3520 1124 3575 quee
1142 3504 1171 3555 in
1193 3509 1311 3554 eonten-

219 3572 297 3626 tione
314 3572 404 3642 posita
423 3584 515 3638 erant,
533 3575 625 3630 subire
644 3579 758 3632 minime
775 3580 937 3641 voluerunt,
956 3575 1004 3629 sed
1023 3574 1057 3628 ad
1074 3573 1178 3627 bellum
1195 3586 1313 3624 eonver-

221 3640 245 3692 si
265 3652 336 3696 sunt
373 3645 470 3716 itaque
487 3650 646 3701 transmisso
665 3651 751 3716 Istro,
769 3650 880 3721 oppidis
907 3656 936 3702 et
961 3647 1079 3700 castellis
1102 3643 1138 3695 ad
1164 3644 1252 3710 ripam
1271 3641 1312 3694 si·

221 3712 258 3762 tis
290 3716 410 3784 plurima
435 3716 533 3769 damna
557 3719 725 3785 intulerunt,
752 3729 781 3773 et
808 3722 881 3779 inter
898 3727 988 3772 cetera
1011 3714 1212 3776 Viminacium,
1239 3728 1315 3782 quae

221 3780 377 3838 Moesorum
398 3785 463 3839 urbs
481 3797 523 3841 est
540 3789 571 3843 in
588 3790 714 3857 Illyrico,
741 3800 880 3862 ceperunt
917 3790 967 3842 tiis
985 3786 1084 3856 gestis,
1102 3801 1164 3836 cum
1182 3781 1264 3836 multi
1281 3783 1313 3834 in

221 3857 393 3909 sermonibus
416 3856 593 3922 dictitarent,
620 3863 778 3931 episcopum
798 3859 862 3913 dedi
881 3867 1024 3930 oportere,
1040 3873 1074 3910 ne
1092 3856 1172 3908 unius
1189 3851 1314 3904 hominis

222 3940 303 3976 eausa
317 3928 443 3980 universa
454 3930 635 3983 Romanorum
652 3932 808 4002 respublica
826 3930 894 3983 belli
912 3928 1065 4000 perieulum
1082 3925 1244 3979 sustineret:
1262 3923 1314 3974 ille

223 4010 251 4044 se
270 3992 393 4049 deditum
412 4000 447 4051 iri
464 4001 632 4070 suspicatus,
657 4003 728 4054 eiam
749 4001 877 4055 omnibus
905 4002 1044 4055 civitatem
1067 3994 1259 4071 incolentibus·
1277 3988 1313 4041 ad

222 4061 315 4145 hostes
334 4066 443 4136 effugit,
471 4079 500 4123 et
518 4070 614 4123 urbem
637 4071 820 4134 traditurum,
847 4072 870 4122 si
890 4071 945 4123 sibi
964 4068 1125 4135 Scytharum
1145 4076 1220 4132 reges
1238 4059 1314 4144 hbe

224 4132 333 4186 ralrtate
351 4154 399 4189 sur
419 4140 607 4205 consulerent,
629 4142 770 4209 pollicitus
790 4152 838 4194 est,
874 4140 917 4194 Ad
935 4157 967 4192 ea
983 4154 1043 4190 aum
1053 4134 1218 4188 beneficium
1236 4141 1315 4184 orons
