2716 5078
199 346 203 353 N
233 247 322 313 m
639 250 693 317 ns
719 195 904 316 sueno]

317 403 541 488 MALCHUS,
570 405 855 491 Philadelpbiensis,
878 429 914 470 ex
934 406 986 470 illa
1001 401 1212 493 Philadelphia
1232 421 1312 494 quae

233 509 267 571 in
288 508 456 571 Palaestina
476 518 540 587 est,
559 519 596 568 ut
609 517 689 568 reete
710 529 728 567 e
746 511 868 569 nomina
886 511 944 569 viri
957 508 1090 591 Syriaco,
1108 531 1203 593 quum
1223 511 1312 594 plura

231 610 275 683 ita
295 618 478 671 vocarentur
498 606 628 690 oppida,
649 606 741 667 infert
758 607 936 686 Fabricius,
957 608 1120 692 sophistam
1139 610 1312 673 Constantis

231 709 334 791 nopoii
366 711 426 792 egit
438 707 492 788 ⁴⁶).
534 706 610 768 Eius
631 699 809 785 historiam,
843 729 904 790 qua
931 707 1070 770 Priscum
1098 712 1309 785 continuavit,

230 808 271 869 ab
291 829 320 869 a.
342 807 414 891 474.
427 856 447 890 ,.
468 806 714 890 decimoseptimo
741 807 851 868 Leonis
870 806 970 890 lmp.,
1004 828 1101 890 usqua
1121 809 1161 870 ad
1180 821 1311 871 mortem

229 906 355 990 Nepotis
368 909 430 989 ⁴⁷),
452 909 505 992 qui
525 928 554 969 a.
576 906 648 986 480.
671 906 786 968 occisus
805 917 866 981 est,
887 914 1001 989 septem
1020 928 1169 969 annorum
1190 929 1239 970 res
1258 920 1310 970 to-

227 1005 322 1069 tidem
345 1006 442 1086 libris,
465 1027 541 1089 quos
560 998 765 1082 Βυζαντιακᾶ
788 1007 960 1088 inscripsit,
986 1018 1172 1089 persecutam
1181 1008 1310 1070 Photius

226 1102 317 1188 legit:
351 1119 442 1190 atque
461 1109 540 1168 intra
562 1104 623 1167 boc
641 1106 787 1188 temporis
807 1109 936 1188 spatium
952 1105 1071 1189 eclogae
1090 1106 1129 1167 de
1149 1105 1307 1189 legationi-

197 1243 204 1263 .
226 1201 296 1281 bus,
318 1228 452 1292 quasque
474 1228 509 1268 ex
526 1204 593 1267 aliis
610 1203 705 1266 titulis
716 1205 823 1267 Suidas
836 1206 980 1283 servavit,
993 1205 1306 1289 comprehenduntura

225 1316 263 1365 ut
280 1315 396 1367 certum
417 1308 457 1368 sit
474 1304 621 1368 litteratas
635 1304 826 1366 Constantini
838 1303 1092 1388 Porphymgeniti
1105 1303 1211 1387 operas
1227 1306 1305 1368 nihil

225 1404 355 1487 amplius
379 1405 529 1468 habuisse.
572 1407 678 1467 Monet
697 1416 799 1466 tamen
818 1404 965 1480 Photius‚
996 1404 1045 1466 his
1064 1404 1150 1468 libris
1169 1426 1245 1488 opus
1265 1407 1305 1467 ad

224 1505 389 1566 terminum
408 1524 500 1588 quem
520 1515 626 1566 auctor
645 1504 703 1566 sibi
724 1507 927 1587 proposuisset
946 1504 1126 1587 perductum
1146 1526 1207 1567 non
1226 1526 1304 1567 esses

182 1686 183 1689 Ἴ
221 1602 322 1686 ipsum
342 1605 466 1667 innuere
483 1603 570 1689 plura
590 1626 624 1666 se
642 1604 817 1666 additurum
835 1606 861 1666 si
880 1604 945 1665 vita
963 1614 1118 1687 suppetat:
1131 1625 1225 1686 quum
1247 1605 1306 1687 igi·

221 1712 274 1764 sur
293 1703 401 1765 surdas
420 1690 532 1766 Marcu
548 1703 714 1797 'anonam
742 1724 839 1787 usque
867 1704 906 1765 ss
929 1703 1122 1766 Anastasium
1139 1703 1305 1765 ,assum

221 1820 285 1864 csse
305 1804 439 1882 scribat,
467 1825 529 1865 non
561 1802 787 1882 contradicam,
818 1807 844 1865 si
868 1805 936 1886 quis
954 1804 1013 1863 sibi
1031 1804 1210 1885 persuaserit
1230 1802 1305 1864 ulti-

220 1919 272 1964 ma
293 1912 381 1986 parte
399 1911 569 1965 truncatam
594 1903 633 1964 ad
650 1903 797 1965 Photium
810 1904 1098 1984 constantinumque
1117 1905 1303 1985 pervenisse;

218 2003 368 2086 integram
397 2005 423 2066 ei
451 2004 617 2065 innotuisse
656 2005 710 2086 qui
751 2002 845 2086 paulo
881 2014 949 2086 post
982 2002 1182 2065 lastinianum
1220 2004 1302 2086 Imp.

216 2099 334 2164 lexicon
370 2103 409 2165 de
437 2105 632 2187 scriptoribus
666 2105 836 2186 composuit
864 2101 946 2185 quod
973 2101 1080 2164 suidas
1113 2101 1300 2184 compilavit·

216 2200 324 2264 Edidit
343 2213 423 2264 certe
442 2204 581 2265 Malchus
600 2215 721 2264 mortuo
741 2203 864 2264 demum
885 2203 1023 2281 Zenone,
1043 2202 1129 2264 cuius
1148 2204 1302 2285 ignaviam

215 2300 388 2385 probraque
406 2323 565 2363 mansurae
585 2303 724 2363 infamiae
737 2302 880 2363 tradidit:
917 2322 953 2363 ac
979 2313 1065 2364 tanta
1083 2302 1207 2386 quidem
1228 2323 1302 2363 cum

215 2399 358 2463 libertate
380 2413 417 2462 ut
439 2404 530 2462 etiam
555 2401 613 2463 sub
638 2404 705 2463 miti
729 2401 884 2463 Anastasii
908 2405 1035 2485 imperio
1062 2401 1235 2465 mirandum
1262 2406 1302 2464 sit

214 2499 377 2561 maiestatis
396 2521 526 2583 poenam
543 2501 669 2562 evasisse
689 2503 743 2585 qui
762 2501 836 2562 talia
857 2511 963 2563 contra
982 2502 1166 2563 decessorem
1178 2502 1300 2563 Princi-

212 2599 272 2682 pis,
292 2602 468 2683 praesertim
483 2602 537 2684 qui
555 2600 709 2683 Augustae
728 2605 855 2662 maritus
875 2601 994 2676 suerat,
1018 2598 1152 2662 auderet.
1178 2603 1298 2665 Verum

213 2718 276 2761 non
304 2702 428 2762 unicum
456 2701 515 2762 hoc
540 2712 585 2763 est
603 2701 661 2763 sub
690 2702 922 2784 imperatoribus
948 2701 1120 2784 Byzantinis
1141 2703 1298 2763 mirandae

212 2798 247 2859 in
268 2800 427 2862 scribendo
446 2799 594 2863 libertatis
615 2801 801 2884 exemplum,
830 2803 956 2863 sortasse
983 2823 1001 2862 a
1020 2811 1194 2883 contemptu
1216 2800 1298 2864 litte÷

210 2919 314 2960 rarum
334 2912 452 2962 ortum:
475 2923 547 2962 nam
568 2902 727 2977 Tiberius,
751 2901 840 2963 valde
859 2905 893 2963 in
914 2904 950 2962 iis
973 2911 1118 2976 versatus,
1140 2922 1296 2984 quaecun-

211 3017 272 3081 que
307 2999 474 3062 edebantur
503 3004 589 3062 anxie
619 3001 829 3081 scrutabatur,
859 3001 1080 3085 crudeliterque
1106 3002 1292 3063 vindicabat.

208 3098 306 3180 Magis
327 3103 418 3160 etiam
449 3102 597 3162 miramur
616 3102 790 3184 Eunapium
822 3123 883 3162 non
915 3112 1013 3162 morte
1037 3122 1148 3183 poenas
1173 3091 1297 3162 dedisse

138 3183 141 3191 ⁴
209 3218 265 3280 pro
285 3198 333 3260 bis
361 3219 439 3282 quae
458 3202 595 3282 quemvis
615 3201 819 3262 Christianum
833 3223 895 3261 non
914 3203 1017 3261 minus
1035 3221 1127 3292 quam
1137 3201 1293 3281 Principes

208 3299 371 3365 laederent
411 3301 567 3362 Malchum
595 3322 656 3363 non
687 3302 912 3363 maledicentiae
932 3303 985 3363 sed
1005 3301 1124 3363 veritati
1143 3299 1294 3362 studuisse

208 3400 552 3462 cernimuseDifficilior
574 3401 613 3462 ad
632 3402 850 3485 expediendum
868 3402 941 3463 inde
954 3402 1052 3463 oritur
1063 3404 1199 3484 quaestio
1207 3399 1291 3482 quod

207 3500 346 3562 Malchus
360 3501 515 3564 historiam
537 3523 556 3564 a
572 3502 769 3564 Constantino
789 3503 834 3564 M.
848 3502 1002 3564 inchoasse
1022 3501 1141 3562 aSuida
1153 3501 1290 3563 dieitur:

207 3603 240 3660 in
261 3601 345 3684 quod
364 3613 427 3663 tam
448 3603 594 3665 disertum
612 3605 818 3664 testimonium
839 3605 969 3686 suspicio
998 3606 1108 3665 erroris
1133 3624 1169 3663 eo
1189 3605 1291 3665 minus

206 3699 288 3761 cadit
308 3700 390 3784 qnod
410 3701 539 3763 Photius
566 3723 584 3763 e
614 3703 705 3786 primi
732 3702 801 3764 libri
821 3705 908 3764 initio
930 3713 1068 3766 conmare
1087 3702 1193 3781 docet,
1213 3700 1294 3764 alios

206 3802 341 3862 eusdem
360 3802 490 3863 auctoris
517 3813 607 3887 atque
630 3808 799 3886 argumenti
827 3805 1029 3887 praecessisse.
1072 3803 1166 3863 Casus
1185 3812 1290 3863 autem

207 3897 323 3960 efficere
355 3920 417 3962 non
453 3903 552 3984 potuit
579 3914 615 3964 ut
640 3925 709 3986 pars
737 3915 885 3985 superstes
918 3905 1016 3988 operis
1046 3906 1132 3965 initio
1162 3925 1198 3964 ac
1225 3904 1292 3964 fine

203 4001 337 4060 tmncati
361 4001 504 4085 inciperet
531 4003 584 4064 ubi
605 4005 727 4065 Priscus
748 4004 942 4066 substiterat:
978 4007 1079 4088 itaque
1092 4025 1219 4066 necesse
1241 4015 1289 4066 est

221 4174 272 4247 46)
287 4171 385 4228 sosas
406 4187 427 4227 s.
444 4189 468 4228 r.
486 4169 617 4244 Μάλχος.
686 4173 732 4246 47)
749 4173 859 4230 Photius
874 4175 935 4232 eod.
957 4181 998 4248 7&
