2744 5182
214 206 318 307 5205
638 223 859 297 ,russeum
922 232 930 243 ·

212 394 255 456 Et
274 393 387 452 Romae
409 407 511 450 caecos
531 383 689 468 rapiendas
707 385 798 444 traxit
819 380 975 458 adornes,

212 490 357 559 Vindicta
374 500 408 549 ut
425 494 550 570 pereant
572 484 695 559 merita,
717 481 874 562 luoernque
890 479 1079 562 relinquunt*¹

217 591 331 652 Tristia
349 609 421 649 nam
436 606 541 659 rursus
555 586 708 666 cupientes
730 581 840 643 damna
858 581 986 659 relbrre,

217 689 261 763 Et
276 689 370 751 Latiis
393 684 490 748 multo
509 685 608 764 regnis
622 682 725 766 peiora
745 682 909 757 minantes,

218 787 369 869 Principis
386 785 489 846 invicti
504 784 573 846 felix
595 784 741 844 exercitus
752 781 859 856 armis,

219 887 430 967 Duotoresque
454 883 512 944 fide
532 905 589 946 uec
609 903 671 944 non
694 872 808 943 iirtute
824 889 973 963 potentes,

220 985 374 1045 Omnibus
392 968 543 1046 adficiunt
554 1003 654 1044 caesos
667 980 869 1063 profugosque
889 979 1001 1055 ruinis,

221 1085 300 1151 cum
322 1083 449 1149 ducibus
475 1082 597 1164 sceleris*
614 1080 793 1142 ducentibus
810 1079 945 1161 impmbn
964 1082 1060 1162 signa.

306 1183 352 1244 Ut
369 1184 436 1261 leo,
452 1184 506 1266 qui
522 1203 652 1266 regnans
665 1181 740 1244 silva
754 1180 927 1242 dominatur
947 1182 979 1239 in
998 1178 1080 1258 nita,

224 1287 285 1350 Per
307 1284 421 1366 Libyae
443 1282 554 1360 saltus,
576 1283 633 1342 nisi
652 1278 763 1343 nobilis
787 1281 832 1345 ira
854 1278 992 1354 lacesset,

227 1385 298 1446 Non
320 1394 422 1445 movet
442 1387 544 1457 artua,
568 1403 637 1445 suus
656 1380 790 1442 stimulat
802 1402 857 1442 neo
877 1380 1001 1441 verbere
1019 1380 1118 1457 vires3

172 1492 174 1505 '
228 1483 272 1544 At
288 1484 314 1543 si
326 1492 515 1543 commovent
533 1480 667 1559 clamor,
691 1482 716 1545 si
738 1479 829 1541 turbu
849 1500 1002 1556 ooronne‚
1039 1556 1044 1573 ⁹

156 1645 160 1647 ,
229 1582 368 1643 infremit
383 1581 591 1660 horrendum3
612 1580 702 1643 simul
725 1593 754 1641 et
773 1579 915 1642 distendit
927 1580 1026 1640 hiatus

180 1702 184 1709 ’
229 1682 406 1763 sanguineis
422 1693 565 1764 torquens
577 1681 714 1743 ardentio
736 1680 852 1767 lumina
869 1679 1016 1758 flammis,

228 1781 272 1842 Et
294 1782 356 1840 ruit
376 1782 408 1842 in
427 1781 578 1859 medium,
602 1791 793 1864 prosternens
814 1802 898 1845 anun
917 1781 1083 1863 virosque3

230 1879 295 1941 Neo
316 1878 447 1948 visulla
466 1891 564 1963 potest
587 1883 720 1943 venienti
749 1881 894 1942 obsistere
914 1890 1042 1954 contra;

231 1979 366 2061 Impetus
383 1979 439 2041 bos
462 1980 594 2062 frangit,
615 1979 718 2062 pulsos
740 1980 796 2041 bos
814 1981 917 2045 emotis
936 1980 1064 2062 unguis,

231 2077 310 2140 Pars
331 2076 461 2140 lacerata
481 2081 579 2142 iacent
592 2080 706 2142 inimici
732 2080 872 2140 dentibus
892 2079 976 2154 oris3

232 2176 299 2249 Hos
321 2188 418 2240 metus
435 2182 584 2242 exanimat
598 2190 756 2262 pereuntes
776 2177 902 2262 vulnere
919 2176 1025 2245 nullo:

232 2276 359 2338 Viribus
374 2262 532 2360 liugustus
550 2279 592 2340 sio
609 2300 713 2340 suevos
732 2279 860 2362 perculit
881 2278 1009 2355 hostes,

233 2377 295 2440 Per
316 2378 416 2438 varios
434 2387 569 2439 sternens
583 2400 670 2440 casus
688 2400 750 2440 non
768 2377 859 2448 fanda
873 2379 1014 2441 furentes.

235 2477 363 2538 Graecia
383 2476 443 2536 inm
458 2487 557 2539 tonent
571 2476 684 2539 iactans
701 2477 777 2539 mihi
793 2475 1067 2560 Bellerophonten,

235 2575 298 2652 Qui
312 2577 385 2636 vicit
407 2574 559 2658 Solymos,
579 2587 615 2638 ut
636 2599 741 2639 rursus
763 2577 844 2639 bella
860 2587 1028 2639 moverent.

235 2673 281 2736 At
299 2673 391 2737 semel
411 2675 467 2737 hos
487 2676 629 2738 domiuus
654 2685 756 2739 noster
780 2677 919 2754 felicibus
939 2680 1030 2739 armis

237 2775 287 2843 Sic
303 2775 442 2853 domuit,
467 2786 533 2858 post
553 2776 629 2838 baec
651 2799 691 2838 ne
709 2779 823 2860 possint
836 2798 899 2839 esse
916 2776 1042 2843 rebelles
1053 2799 1077 2858 3·

237 2875 329 2954 Quod
344 2896 400 2936 nec
415 2876 577 2939 ductorum
592 2876 737 2939 Seruilius
752 2879 884 2960 optimus
899 2876 991 2952 olim,

236 2971 302 3034 Pro
323 2975 431 3035 merito
445 2971 571 3039 laudum
591 2979 641 3036 cui
661 2998 771 3038 nomen
792 2977 941 3038 Isauricus
957 2976 1010 3039 illo

238 3074 339 3145 Marte
356 3074 460 3134 datum
485 3075 603 3153 fiterat,
624 3076 723 3158 potuit
740 3087 892 3158 praestare
916 3076 1042 3156 Latinis

323 3172 393 3231 Non
420 3169 488 3234 illos
506 3195 639 3254 aurum,
662 3196 725 3236 non
745 3177 813 3253 vis,
831 3196 893 3236 non
914 3177 998 3257 copia
1012 3210 1014 3213 ·
1026 3173 1123 3257 ferri,

240 3268 305 3332 Noc
326 3269 448 3331 castella
468 3273 591 3354 quidem
613 3276 782 3357 praeruptis
803 3273 899 3335 ardun
916 3278 1015 3354 saxis,

240 3368 308 3431 Nec
323 3381 426 3432 tantae
440 3371 549 3434 validis
567 3375 702 3435 munitae
723 3375 880 3437 moenibus
898 3374 1010 3454 urbes,

240 3471 380 3549 Quantas
396 3492 457 3531 non
473 3470 555 3533 ullus
573 3475 724 3537 victorum
743 3485 862 3556 ceperat
881 3486 972 3550 ante,

239 3569 346 3641 Exitiis
363 3573 486 3653 rapiunt
507 3571 607 3655 dignis
632 3585 664 3634 et
681 3574 825 3657 principis
848 3576 905 3636 ira.

239 3668 355 3752 Et'qui
376 3692 430 3753 spe
452 3670 532 3732 lluxa
555 3673 690 3735 frustrati
712 3685 820 3735 cuncta
837 3675 1001 3750 tenebant,

243 3768 297 3832 Nil
319 3773 391 3831 satis
408 3791 471 3832 esse
492 3771 549 3831 sibi
571 3772 725 3834 credentes
749 3773 810 3834 tela
828 3774 978 3837 movendo
990 3818 1009 3854 ,κ

243 3866 391 3929 Cautibus
405 3872 538 3952 angustis
559 3871 694 3933 conclusi
709 3874 776 3935 ‘sats
798 3873 959 3935 trahebant

244 3964 444 4049 Peioremque
468 3970 578 4031 samem
598 3971 714 4035 crudeli
735 3984 832 4041 morte
852 3972 1007 4053 tulerunt,

314 4085 358 4151 64.
378 4086 570 4159 Ducturosque
592 4087 649 4146 cod.
