2716 5078
166 238 235 306 mn
576 241 631 304 nu
657 211 869 306 nmnr0.‘

168 396 238 461 loeis
257 395 449 480 primordiis,
464 413 560 480 usque
577 395 616 456 ad
635 393 753 458 Claudii
768 394 891 458 Gothici
909 416 1023 459 annum
1045 346 1176 480 primum
1190 397 1245 461 de·

168 496 272 575 ducti,
303 499 464 580 praecipua
492 497 572 556 eima
601 504 772 577 temporum
809 496 956 557 rationem
987 518 1061 557 cura
1094 497 1251 562 adbibita..

167 595 288 657 Horum
309 597 503 657 duodecimus
520 594 597 656 liber
616 617 634 655 a
652 594 804 676 Stephano
827 595 1061 678 ethnicographo
1079 598 1242 677 citetur9);

166 695 221 756 ubi
252 697 437 757 Herulorum
457 697 570 758 mentio
598 696 760 756 certissime
788 695 964 778 comprobat
994 695 1095 757 locum
1121 697 1245 780 dequo

166 796 267 878 agitur
283 817 344 856 non
355 795 489 856 multum
504 794 543 855 ab
557 797 654 876 operis
667 795 726 854 line
741 793 870 856 afuisse:
887 805 1003 856 constat
1013 797 1105 877 igitur
1117 796 1244 876 scripto·

164 914 231 956 rem
245 895 293 956 bis
305 896 465 957 duodecim
480 895 616 974 „chartis
630 915 720 955 omne
739 915 848 955 aevum
862 893 1063 976 explicuisse.”
1094 896 1141 956 Ex
1160 894 1244 956 hisce

152 995 324 1055 ‘annalibus
340 993 514 1076 syncellum
531 1013 727 1075 quaecunque
749 1014 766 1054 e
780 993 927 1076 Dexippo
939 991 1031 1054 babet
1050 995 1169 1076 petiisse
1192 1017 1249 1068 ar-¹

163 1093 279 1155 bitror:
302 1105 334 1154 at
354 1095 605 1156 Constantiniana
625 1103 763 1175 excerpta
786 1090 845 1153 illis
876 1114 999 1176 prorsus
1025 1093 1123 1153 aliena
1151 1105 1240 1154 sunt:

164 1212 262 1275 neque
289 1196 368 1255 enim
397 1194 530 1279 prolixas
554 1196 703 1255 orationes
725 1214 831 1274 capere
860 1196 1004 1274 potuisset
1028 1192 1244 1274 breviloquens

163 1293 316 1353 annalium
346 1296 448 1367 ratio,
475 1294 527 1376 qui
552 1292 613 1354 fere
648 1292 771 1374 siugulis
802 1289 888 1352 libris
919 1291 1072 1352 saeculum
1103 1313 1247 1373 compre,

162 1391 356 1471 bendcbant3
377 1393 458 1454 unde
477 1391 646 1454 Trebellius
667 1391 764 1455 Pollio
776 1391 995 1473 ¹⁰)Dcxippum
1014 1393 1116 1452 omnia
1143 1391 1242 1450 brevi-

161 1502 207 1552 ter
221 1505 424 1577 persequimur
444 1514 524 1570 esse,
543 1492 669 1574 scripsit.
1243 1543 1244 1547 ,

246 1592 304 1653 lll.
345 1592 408 1654 Has
429 1595 522 1674 igitur
543 1591 659 1674 eclogas
678 1593 716 1653 de
736 1592 933 1677 legationibus
954 1589 993 1652 ad
1008 1584 1150 1652 Σκυθικὰ
1171 1611 1240 1672 per·

161 1692 258 1752 tinere
285 1681 344 1752 iani
373 1693 496 1753 Vossius
523 1695 671 1775 perspexit
690 1694 749 1770 ¹¹):
781 1691 946 1775 eademque
963 1711 1078 1752 ‘earum
1098 1692 1175 1750 ratio
1196 1701 1244 1753 est

161 1809 237 1872 quas
266 1812 302 1852 ex
325 1790 414 1853 titulo
434 1791 648 1853 de‘sententiis
676 1792 769 1853 edidit
789 1789 835 1854 itt.
867 1792 977 1852 Maius.
1018 1783 1159 1851 Σκυθικὰ
1171 1834 1181 1865 ,
1201 1791 1241 1849 de

160 1889 236 1950 bello
264 1888 400 1970 Scyllum
418 1901 536 1954 vertere
566 1891 738 1970 debebam3
765 1894 909 1973 quoniam
936 1889 1012 1951 illud
1034 1887 1240 1970 intelligitur,

160 1989 263 2071 quod,
284 2000 423 2072 coeptum
444 1991 503 2052 sub
522 1992 634 2064 Decio,
657 2012 752 2076 usque
765 1990 804 2051 ad
815 1989 971 2052 Aureliani
985 2009 1090 2072 pacem
1105 1987 1239 2047 duravit.

159 2088 264 2171 Atque
282 2089 333 2150 hic
353 2090 476 2172 quidem
496 2088 602 2153 leviter
615 2093 696 2152 circa
715 2090 809 2152 verba
821 2090 920 2173 lapsus
933 2111 1020 2167 sum3
1034 2090 1066 2148 in
1081 2108 1116 2148 eo
1132 2100 1242 2158 vereor¹

158 2206 198 2247 ne
217 2191 338 2269 gnavius
357 2190 540 2267 erraverim,
565 2191 648 2272 quod
667 2212 745 2273 quae
758 2211 776 2250 a
787 2212 817 2273 p.
831 2211 880 2250 αι.
896 2188 917 2250 l.
933 2210 981 2250 ao.
995 2186 1034 2248 ad
1048 2209 1079 2268 p.
1094 2184 1145 2246 26.
1166 2184 1188 2245 l.
1208 2184 1243 2264 4.

157 2285 329 2365 habentur,
349 2288 485 2370 Dexippo
507 2292 563 2370 ipsi
588 2289 776 2363 tribuerem,
800 2293 885 2372 quasi
906 2289 1072 2351 orationem
1099 2284 1138 2346 ad
1158 2284 1240 2351 cives

157 2406 228 2447 suos
251 2384 405 2463 habitam,
433 2390 484 2469 qui
505 2390 666 2449 temerario
695 2389 823 2456 consilio
847 2391 942 2449 muris
970 2384 1071 2468 egredi
1100 2394 1131 2445 et
1168 2403 1240 2444 cum

152 2484 293 2546 hostibus
313 2483 473 2568 confligere
490 2498 645 2570 cuperent.
688 2489 758 2551 Non
772 2488 958 2550 attenderam
976 2485 1022 2547 ill.
1043 2485 1118 2545 Maii
1139 2485 1239 2573 opini-

156 2586 305 2663 onemss),
319 2585 474 2667 epistolam
485 2605 568 2647 esse:
593 2588 640 2648 cui
658 2598 694 2648 ut
706 2587 819 2671 aliquid
830 2587 868 2648 de
879 2609 946 2648 meo
960 2586 1111 2663 adiiciam,
1125 2582 1237 2656 dicem,

154 2705 173 2742 a
183 2685 364 2767 magistratu
381 2685 518 2747 Romano
535 2687 657 2748 missam
679 2688 798 2749 videri:
815 2690 877 2748 imo
896 2685 936 2748 ab
957 2688 1020 2767 ipso
1035 2684 1161 2744 fortasse
1173 2682 1238 2750 lm·

152 2796 314 2866 peratore=
336 2805 405 2846 eum
428 2807 461 2847 se
475 2807 546 2846 cum
567 2789 661 2869 copiis
683 2809 751 2850 mox
776 2786 940 2848 affuturum
956 2786 1100 2849 nunciare
1123 2784 1165 2865 (p.
1178 2779 1236 2843 25.

153 2880 371 2966 l17.seqq.l:
399 2884 568 2968 lectamque
596 2908 660 2948 esse
696 2888 727 2948 in
750 2890 895 2949 concione
916 2889 956 2969 (p.
979 2909 1029 2950 ια.
1044 2885 1065 2946 l.
1090 2882 1147 2962 18.)
1188 2882 1238 2952 Dc

124 3024 129 3033 ,
152 2980 223 3055 bis,
248 2984 273 3043 si
289 2984 367 3055 forte
380 2983 541 3068 aliquando
560 2986 672 3048 codicis
685 2988 794 3070 pagina
812 2986 884 3066 324.
899 2986 1016 3070 plenius
1034 3007 1051 3046 e
1064 2985 1156 3045 litura
1169 2982 1237 3042 erui

60 3133 66 3138 .
150 3084 303 3169 potuerit,
324 3083 440 3167 liquido
456 3072 625 3147 constabit:
652 3108 687 3147 nc
704 3099 779 3149 tunc
795 3086 921 3148 fortasse
933 3085 1106 3168 expedietur
1120 3082 1158 3142 de
1170 3080 1237 3162 quo

149 3185 274 3246 tandem
284 3188 396 3269 oppido
407 3187 576 3272 quibusque
588 3188 705 3250 civibus
715 3210 813 3250 sermo
828 3190 880 3250 sit.
898 3188 986 3248 Nunc
1001 3187 1032 3245 in
1045 3184 1077 3245 id
1088 3184 1237 3243 sententia

151 3284 277 3347 inclinat
308 3297 344 3347 nt
366 3287 441 3349 haec
466 3288 506 3350 ad
525 3290 658 3371 primum
678 3289 849 3351 Gothorum
868 3287 1033 3349 adventum
1056 3283 1113 3346 sub
1139 3283 1236 3345 Decio

150 3387 300 3464 pertinere
320 3386 459 3467 credam,
471 3389 563 3450 vcuius
585 3410 695 3450 nomen
717 3391 750 3448 in
768 3389 938 3450 oblitterata
962 3385 1015 3447 illa
1039 3383 1146 3467 pagina
1162 3402 1237 3442 con·

149 3485 295 3566 spicitur3
324 3486 357 3547 id
376 3488 459 3569 quod
477 3509 514 3549 eo
533 3488 704 3549 confirmari
726 3488 848 3549 videtur
865 3487 947 3569 quod
960 3485 998 3546 de
1014 3485 1105 3544 rebus
1123 3481 1161 3541 ad
1177 3482 1237 3540 Ni-

148 3583 281 3665 copolim
298 3586 430 3647 Moesiae
451 3589 540 3669 gestis
562 3588 676 3648 mentio
706 3588 839 3648 iniicitur
858 3591 899 3668 (p.
913 3586 962 3648 25.
991 3583 1014 3644 l.
1032 3604 1081 3674 aa.
1100 3580 1137 3646 cf.
1155 3581 1237 3663 Syn·

147 3681 258 3744 cellum
272 3705 303 3766 p.
311 3684 378 3768 705.
390 3685 413 3750 l.
433 3688 499 3766 rm).
543 3689 635 3765 Quod
651 3688 676 3747 si
696 3690 738 3748 ita
756 3690 814 3763 sit,
837 3682 1107 3768 Philippopolituni
1122 3681 1237 3760 suerint

146 3783 292 3864 oppidani
321 3805 340 3844 a
367 3784 505 3848 barbaris
532 3788 728 3853 circumsessi.
782 3787 851 3847 Non
874 3797 975 3846 tamen
1014 3780 1163 3845 silendum
1189 3789 1236 3843 est

146 3883 237 3943 etiam
259 3882 317 3944 sub
338 3882 465 3947 Claudio
488 3886 568 3969 Aug.
589 3887 629 3948 ad
651 3885 821 3967 Nicopolim
836 3907 978 3969 prospere
994 3885 1138 3945 adversus
1162 3879 1236 3939 bar·

167 4080 196 4150 9)
215 4097 234 4131 ⁸·
254 4097 278 4141 V.
290 4076 435 4151 'Eiovpon
495 4086 538 4142 rol
556 4085 721 4142 Gordiano.
778 4086 820 4152 ιι)
839 4088 879 4140 De
898 4045 995 4138 butor.
1014 4080 1108 4134 Graec.
1128 4079 1233 4151 piria.

173 4182 177 4189 ·
215 4153 257 4222 η)
274 4152 359 4210 Praei.
378 4157 413 4207 ad
432 4157 493 4209 coll.
516 4159 602 4211 Vatio.
622 4157 655 4208 11.
673 4175 699 4226 p.
709 4155 825 4210 xxvut
