2724 5092
410 586 461 644 nx
489 584 653 648 seuseu
684 585 886 647 flisronu.
1118 588 1173 673 97

88 743 227 825 νίστεροι
247 735 304 802 καί
322 733 501 820 λεπτότεραι
530 736 625 818 μόνον
633 751 656 819 ,“
678 736 758 801 α’λλά
789 726 845 801 καί
870 739 1032 825 κονιορτοῦ
1062 741 1176 816 παντός

86 840 165 925 πρὸς
188 836 226 901 τό
249 836 317 920 ῥεῖν
344 830 480 911 εύκόλως
510 837 566 900 καί
592 839 823 917 όιανεμοῦσθοιι
845 838 1118 924 παραφερόμενοι.
1160 836 1178 905 ό

86 940 122 1004 δὲ
143 936 180 1000 τό
202 933 296 1012 ἔθνος
315 927 336 1019 ή
356 932 395 999 τά
419 932 494 1020 ἔθνη
514 934 718 1020 παραλαβών,
742 932 808 998 όύω
827 934 915 1011 τινάς
934 931 955 1021 ἢ
975 947 1059 1022 τρεῖς
1078 964 1178 1023 στρα-

84 1033 197 1111 τιώτας
229 1029 495 1120 συνεφελκόμενος
523 1032 603 1099 κατά
634 1031 692 1118 τήν
726 1038 862 1117 πλαγίαν
888 1031 1042 1112 εἰσιόντας
1060 1034 1177 1124 θύραν,

68 1134 127 1221 ᾗμή
157 1131 351 1219 βουλόμενος
369 1130 555 1215 μανθάνειν,
577 1128 626 1198 ότι
656 1131 845 1199 σιωπώντων
882 1137 1042 1222 κηρύκων,
1078 1140 1109 1202 εἰ
1136 1133 1175 1222 δή

84 1233 232 1319 κήρυγμα
261 1230 469 1315 σιωποόμενον
498 1236 651 1317 γίγνεται,
687 1232 766 1318 πρός
796 1232 914 1312 πάντας
945 1237 1177 1321 περιήγγελλεν,

85 1328 128 1409 οός
148 1333 187 1418 όή
207 1355 304 1419 φησιν
316 1328 464 1417 Ὅμηρος·
485 1331 624 1417 ,κλήδην
653 1333 698 1409 είς
729 1326 846 1417 άγορήν
872 1330 1049 1416 κικλήσκειν
1076 1327 1177 1418 ἄνδρα

84 1434 233 1513 ἕκαστον,
254 1433 337 1517 μηδὲ
357 1432 452 1520 βοήν,
477 1429 573 1505 αὐτός
594 1433 630 1496 tt
649 1430 729 1512 μετά
754 1431 906 1517 πρώτοισι
925 1438 1097 1497 πονεῖτο·”
1122 1433 1179 1497 καί

86 1523 236 1614 όάρχων
258 1528 312 1595 όιό
341 1533 403 1594 τῶν
431 1530 603 1616 ἅφθόγγων
632 1531 751 1594 τούτων
777 1527 921 1616 κηρύκων
950 1529 1028 1616 πρὸς
1051 1530 1088 1596 τό
1120 1525 1175 1607 orig

57 1621 200 1716 ωὲκάστφ
221 1628 448 1715 περιήγγελλεν,
469 1628 511 1706 ὥς
534 1626 707 1714 πριάμενος
730 1626 777 1714 εἴη
810 1627 886 1705 τούς
905 1628 1062 1713 όπηκόους
1080 1626 1174 1696 τόσου

83 1730 136 1790 καί
155 1723 255 1792 τόσου
292 1727 471 1811 ἀργυρίου,
505 1729 562 1792 καί
579 1725 666 1791 πᾶσά
696 1752 731 1811 γε
752 1727 870 1812 άνάγκη
902 1732 995 1793 τοῦτο
1016 1724 1176 1811 καταβάλ-

81 1833 162 1909 λειν,
197 1820 412 1911 ήπράγματα
444 1824 575 1909 ἔχοντας
601 1828 823 1913 ἑπιτρίβεσθαι
852 1824 1000 1902 θανάτοις
1030 1826 1086 1891 καί
1117 1828 1174 1910 τλη-

79 1921 249 2006 μεόσεσιν.
304 1924 413 2005 οἱμὲν
442 1917 498 1990 osis
527 1923 652 2009 ἔχοντες
679 1928 736 1991 καί
766 1932 922 2004 συντελεῖς
954 1928 988 1991 ἐκ
1009 1929 1174 2013 προϋπαρ-

79 2019 200 2108 χούσης
221 2023 335 2099 οὐσίας
363 2022 569 2090 κατετίθεσαν
599 2021 782 2106 οἰμώζοντες
811 2024 846 2091 τό
876 2023 1043 2111 οἷργύριον·
1064 2069 1067 2075 ·
1086 2024 1117 2090 οἱ
1138 2028 1175 2091 tt

56 2122 273 2208 ιὸάποροῦντες
296 2124 432 2210 όημοσίφ
463 2127 720 2189 κατεύαπανῶντο
749 2133 821 2200 ταῖς
843 2124 968 2206 μάστιξι
1001 2122 1040 2189 τά
1061 2122 1171 2204 σώμα-

78 2240 135 2288 τα·
178 2217 342 2306 πρόφασις
363 2222 399 2284 tt
420 2214 459 2304 ήν
480 2217 571 2307 ἑτέρα
594 2247 661 2298 τις.
702 2222 821 2307 εύρίθη
849 2221 908 2306 γάρ
937 2226 1024 2304 γένος
1045 2218 1172 2305 α’νθροό·

78 2344 144 2385 πων
165 2321 207 2384 δι’
229 2319 367 2405 ἀπορίαν
388 2319 444 2383 καί
463 2314 614 2386 άπόνοιαν
644 2321 842 2400 όξυθόνατον
863 2320 918 2384 καί
944 2322 1167 2405 φιλοκίνδυνον

78 2422 111 2485 οἳ
142 2417 203 2493 τάς
237 2413 347 2504 ύβρεις
385 2418 442 2482 οόκ
470 2416 642 2503 ἐνεγκόντες
677 2418 732 2483 ἐπὶ
758 2417 926 2505 κατηγορίην
952 2419 1007 2500 τῆς
1028 2420 1277 2504 ληστείαςΰοιληθ
1315 2439 1316 2444 ’

79 2513 231 2604 ὅρμησαν
258 2520 313 2582 ἐπί
339 2514 395 2583 τόν
423 2523 478 2603 τής
501 2519 599 2603 αύλής
621 2516 776 2601 ἔπαρχον.
819 2519 957 2591 κιίκεῖνος
986 2510 1024 2580 όν
1054 2517 1109 2580 ἐπί
1128 2513 1164 2579 τό

51 2620 207 2701 τοπρᾶγμα
237 2618 538 2701 όιεσχηματισμὲνος
565 2614 665 2681 πάλαι
691 2615 748 2681 καί
775 2614 873 2691 αότός
902 2621 995 2701 ἕτερα
1030 2618 1194 2679 τοιαῦταΒ.
1210 2629 1263 2697 294

77 2714 207 2802 πάσχων
227 2713 280 2781 τόν
298 2741 332 2780 τε
358 2719 610 2804 κατηγορηθέντα
631 2713 830 2802 συνήρπασε,
855 2718 910 2779 καί
935 2714 1011 2790 τούς
1030 2737 1161 2800 κατηγο-

143 2888 165 2923 ι.
185 2867 339 2938 κονιορτοῦ
363 2868 396 2923 Ν.
406 2906 415 2932 ,
434 2869 536 2927 κόνιος
553 2870 607 2920 τού
626 2868 671 2926 ed.
742 2887 765 2922 ο.
784 2866 1033 2941 ’παραφοράμενοι
1047 2867 1090 2922 ed.
1152 2868 1167 2921 ⁵

143 2937 303 2992 λανθάνειν
321 2937 366 2991 ότι
383 2936 478 2992 ...διά
499 2953 523 2991 o.
544 2942 614 2992 coni.
633 2941 662 2990 B.
723 2938 753 2992 δὲ
772 2957 821 3008 pro
837 2930 869 3004 δή
892 2940 934 2992 ed.
1027 2942 1054 2992 6.
1072 2936 1167 2991 πάντα

143 3009 357 3079 περιήγγελλον
383 3007 425 3063 ed.
536 3028 575 3062 ιο.
593 3007 723 3061 ἑκάστων
740 3008 783 3062 ed.
865 3027 903 3063 ro.
924 3009 1166 3079 ἔχονῐαείπιτρλ·

144 3085 250 3147 pso-tm
270 3080 314 3144 N„
333 3079 445 3149 ίχοντες
457 3078 665 3152 ἐπιτρέπεσθαι
681 3079 722 3132 ed.
795 3097 837 3133 no.
857 3079 946 3133 πάλιν
965 3078 1006 3132 ed.
1211 3082 1215 3085 ’

79 3234 197 3302 pulveris
209 3234 296 3286 instar
314 3233 369 3286 huc
377 3233 526 3286 illnefaciii
536 3237 606 3286 iectu
614 3233 868 3301 circumagebantur
877 3248 908 3282 ac
917 3230 1089 3284 diffluebant.
1110 3230 1182 3302 Qui·

79 3319 140 3355 vero
153 3320 237 3356 unam
253 3314 360 3374 gentem
367 3306 494 3374 pluresve
503 3311 614 3368 emerat,
632 3304 706 3356 binis
715 3303 759 3354 vel
771 3304 854 3353 ternis
864 3304 980 3371 stipatus
990 3302 1168 3366 satellitibus,

80 3376 123 3444 qui
135 3374 171 3426 nd
180 3392 208 3426 se
223 3390 272 3442 per
281 3377 416 3443 posticum
426 3377 608 3438 ventitarent‚
625 3391 661 3454 pe
675 3374 745 3425 forte
755 3374 862 3434 lateret,
881 3390 930 3442 per
938 3373 1033 3425 taeitos
1051 3388 1166 3442 praeco-

79 3460 123 3495 nes
142 3446 178 3515 (si
200 3453 292 3497 tamen
303 3446 479 3516 praeconium
489 3448 600 3497 tacitum
611 3445 670 3497 fieri
687 3444 808 3512 potest,)
828 3459 921 3493 omnes
939 3444 1067 3495 certiores
1084 3443 1166 3506 fecit,

77 3531 150 3568 more
160 3515 306 3567 Homerico
320 3516 482 3569 nominatim
492 3516 527 3567 nd
538 3515 627 3567 iorum
643 3516 715 3566 viros
726 3513 846 3584 singulos
859 3512 1009 3566 advocabat
1021 3515 1080 3566 sins
1095 3522 1165 3567 stre·

78 3586 146 3652 pitu,
166 3585 299 3653 ipsevero
309 3586 337 3637 in
352 3588 447 3656 primis
461 3586 626 3656 fungebatur
636 3581 758 3637 munere.
777 3586 874 3656 itaque
882 3588 1053 3655 magistratus
1067 3583 1111 3638 his
1120 3592 1165 3636 tn-

78 3655 190 3707 citurnis
229 3656 390 3708 raeeonibus
410 3666 490 3709 utens
509 3657 539 3707 in
558 3655 690 3725 cuiusque
708 3671 801 3706 aurem
827 3655 1030 3719 transmeabat,
1053 3670 1082 3707 se
1106 3657 1168 3707 sin-

76 3727 151 3793 gulos
178 3673 305 3777 sulditos
325 3726 377 3780 hoc
395 3736 423 3779 et
447 3727 496 3781 illo
515 3729 618 3794 argenti
638 3725 759 3794 pondere
778 3727 889 3777 venales
908 3724 1015 3779 habere.
1052 3725 1163 3778 Prorsus

75 3804 165 3847 sutem
184 3812 294 3849 necesse
313 3806 380 3861 erat,
396 3798 441 3850 vel
459 3799 619 3865 imperatam
637 3798 782 3865 pecuniam
800 3797 936 3865 pendere,
955 3797 1000 3850 vel
1018 3794 1163 3847 calumniis

75 3864 224 3935 implicitos
250 3868 383 3936 supplicis
409 3869 517 3937 perpeti
537 3875 565 3918 et
590 3865 811 3936 proscriptiones.
859 3865 916 3935 Qui
941 3883 1004 3936 ergo
1030 3866 1163 3917 nummati

75 3943 167 4000 erant,
185 3936 206 3986 ii
224 3953 274 4005 pro
293 3937 471 3991 facultatibus
496 3938 613 4008 quisque
633 3937 688 3988 suis
708 3953 769 3987 cum
790 3938 890 4004 gemitu
909 3938 1055 4005 pecuniam
1071 3935 1163 3986 solve·

74 4001 155 4058 bunt:
174 4009 313 4060 tenuiores
333 4019 424 4061 autem
443 4008 528 4078 plagis
549 4005 662 4088 publice
676 4007 810 4076 impositis
829 4006 950 4058 ebibant
988 4009 1044 4058 Iam
1064 4003 1162 4056 etatis

75 4076 144 4126 rstio
163 4076 369 4129 simulationum
391 4086 457 4129 erat.
493 4079 594 4129 Ext1tit
622 4077 695 4129 enim
724 4077 761 4127 nli
784 4076 874 4128 nando
897 4091 984 4146 genus
1006 4075 1160 4136 hominum,

75 4148 120 4216 qni
138 4146 176 4197 ob
198 4156 344 4217 egestatem
363 4165 395 4199 ss
412 4146 650 4207 stultitismsuom
670 4094 873 4217 impenllentem
892 4162 986 4198 necem
1005 4162 1036 4197 sc
1052 4144 1161 4212 pericu·
1255 4175 1259 4185 ·

74 4212 100 4268 ls
116 4223 280 4272 temnerent.
325 4219 504 4271 lli'nimirum
522 4217 686 4270 iniuriarum
705 4217 879 4288 impatientes
898 4218 1000 4268 crimen
1016 4212 1160 4285 peculatus

75 4285 146 4354 apud
165 4289 246 4339 aulae
266 4289 435 4356 praesectum
454 4288 621 4340 detulerunt
658 4288 711 4338 Hic
728 4296 820 4340 autem
839 4303 895 4339 rem
919 4285 990 4337 serio
1016 4298 1095 4352 agere
1120 4282 1157 4333 si·

76 4358 178 4408 nulans
197 4358 313 4428 (quippe
338 4365 366 4412 et
392 4360 451 4429 ipse
470 4358 535 4410 olim
554 4358 685 4411 insimili
709 4357 818 4410 fortune
836 4363 957 4409 versatus
975 4353 1061 4424 erut)
1087 4368 1159 4415 enm,

77 4428 123 4495 qni
140 4429 335 4492 accusabatur,
353 4446 430 4505 reum
449 4427 555 4498 egebat,
575 4437 605 4481 et
622 4430 784 4480 accusatoris
801 4426 928 4477 fiduciam
944 4421 1157 4477 commendabat.

109 4530 268 4603 Dexippus,
283 4532 431 4602 Eutropius
447 4545 498 4586 etc.
944 4545 958 4596 7
