2774 5122
363 620 629 685 nunusunnr
661 622 865 687 ursronrl.
1074 596 1152 683 351

70 770 187 854 κήκατε
215 775 262 860 τῷ
295 769 405 856 τάχει,
440 772 686 860 προτερήσαντες
713 772 771 858 τήν
802 776 928 862 εἰρήνην
956 781 1063 851 atreb.
1105 781 1225 846 salle
1244 791 1294 847 ὅσα

68 869 173 959 ταύτῃ
194 870 256 956 τήν
275 874 310 937 ἒν
328 881 395 950 τοῖς
416 873 564 954 πολέμοις
585 872 716 952 α’δοξίαν
736 872 979 961 ἐπικαλύπτετε,
998 882 1042 968 τῷ
1063 862 1302 989 ὃήθενήῧζιρῑωω

67 966 116 1054 μή
143 973 305 1057 ἐφιέμενοι
323 969 433 1058 μα’χης
454 973 599 1049 ἐπιεικεῖς
619 968 703 1039 εἶναι
733 975 843 1039 δοκεῖν.
885 969 960 1062 ὅπερ
984 972 1024 1041 ἂν
1044 977 1155 1063 ἡμεῖς,
1234 955 1257 986 ⁰⁴

68 1068 157 1155 εἴαερ
180 1073 389 1155 ἑμελλήσατε,
418 1070 474 1136 καί
502 1073 687 1158 κρατοῦντες
706 1069 895 1158 ἐπράξαμεν.
947 1070 1033 1158 ὅμως
1064 1078 1253 1159 ‹text-raso

48 1169 155 1251 ὅμεθα
183 1167 259 1244 τούς
288 1169 419 1254 λόγους,
448 1168 505 1254 τήν
535 1167 662 1256 εἰρήνην
689 1174 764 1259 περί
787 1174 936 1239 πλείστου
965 1171 1157 1257 ποιούμεθα.

67 1269 217 1355 φρόνημα
249 1267 312 1355 γὰρ
344 1269 470 1355 εὐγενὲς
506 1273 551 1359 τῷ
583 1272 733 1358 πρέποντι
769 1274 1078 1360 ξυμμεταροθμίζειν
1115 1273 1155 1340 rei
1184 1311 1186 1314 >

66 1365 268 1452 πράγματα.”
310 1366 393 1434 οὕτω
429 1373 464 1436 δὲ
492 1371 550 1435 καί
566 1375 623 1437 τοῦ
643 1370 708 1455 Ζίχ
730 1372 892 1456 εἰπόντος,
918 1373 947 1439 οῖ
967 1369 1156 1461 ἀμφοτέρων

65 1462 214 1552 ἑρμηνεῖς
243 1471 529 1556 διασαφηνίσαντες
555 1474 606 1558 ἐφ’
636 1466 768 1558 ἑκάτερα
795 1474 877 1559 μέρη
897 1472 937 1538 τὰ
957 1469 1084 1561 ῥήματα
1106 1477 1155 1538 δι·

67 1564 225 1632 δίσκαλσι
256 1571 321 1633 τῶν
352 1570 519 1654 νοημάτων
549 1571 722 1654 ἐγίγνοντο,
763 1576 918 1637 πλείστων
947 1574 1004 1637 καί
1039 1568 1154 1658 ἑτέρων

27 1665 316 1752 ιοίπερῖήιμμένων
336 1666 459 1752 λόγων,
483 1673 540 1735 νῦν
558 1671 619 1752 μὲν
639 1670 742 1734 orituri
761 1672 817 1735 τοῦ
840 1667 1017 1756 ’χρειώδονς
1035 1671 1153 1757 χάριν,

63 1766 122 1830 νῦν
152 1768 187 1831 δὲ
217 1770 273 1833 sul
302 1766 425 1850 κόμπου
454 1771 544 1834 ἕνεκα
573 1768 629 1834 κατ’
646 1772 702 1834 τοῦ
722 1767 768 1854 μή
791 1772 895 1834 δοκεῖν
912 1762 1011 1854 ἦττον
1025 1768 1153 1854 ἔχοντας

62 1868 120 1948 τής
140 1863 266 1951 εἰρήνης
286 1867 448 1955 ἐφίεσθαι.
488 1869 619 1954 Πέρσαι
638 1871 698 1950 μὲν
717 1871 868 1953 διηνεκεῖς
894 1863 1003 1954 ήξίοον
1022 1867 1152 1935 ἔσεσθαι

61 1963 120 2042 τιές
140 1964 297 2049 σπονδὰς,
319 1966 399 2053 πρὸς
420 1969 456 2034 ts
474 1991 511 2052 ηε
531 1971 588 2032 καί
604 1970 739 2053 χρυσίον
758 1965 856 2054 ῥητὸν
875 1970 925 2057 ἐφ’
945 1965 1063 2058 ἑκάστῳ
1084 1971 1150 2034 ἐνι-

63 2066 151 2152 αυτῷ
179 2064 259 2151 ὑπὲρ
289 2069 348 2131 τοῦ
381 2064 424 2154 μή
455 2071 633 2154 κεχρῆσθαι
661 2078 727 2144 τοῖς
747 2064 855 2144 ὅπλοις
879 2072 1068 2151 κομίζεσθαι
1087 2064 1152 2133 οἷπὸ·

25 2163 252 2246 soporatur·
273 2171 330 2233 καί
344 2165 575 2255 τεσσαράκοντα
596 2169 656 2250 μὲν
676 2169 771 2250 ἐτοῖν,
809 2166 845 2233 so*
876 2170 953 2252 γοῦν
980 2169 1176 2251 ἐλάχιστονΒ

62 2262 257 2350 τριάκοντα,
296 2263 528 2354 προειληφότας
556 2264 642 2342 ἐκτὸς
668 2269 1002 2351 σοντελεσθησομὲνων
1032 2265 1067 2333 ἐν
1098 2264 1149 2334 ἑνί

60 2368 305 2456 ξυναθροισμήὶ,
334 2363 416 2432 οὕτω
442 2362 617 2449 βούλεσθαι
649 2370 852 2432 κατατιθέναι
871 2364 909 2430 τὰ
932 2362 1026 2432 ὅπλα.
1062 2367 1148 2432 Ῥω·

60 2475 153 2547 μαΐοι
175 2469 210 2531 δὲ
229 2461 411 2533 τοῦναντίον
432 2465 661 2551 ὄλιγοχρονίοος
682 2463 741 2542 τὰς
767 2459 926 2548 ξονθήκιις
952 2459 1034 2530 εἶναι
1054 2465 1148 2548 ἐβού-

63 2561 172 2646 λοντο,
192 2563 274 2650 πρὸς
292 2572 359 2643 τοῖς
379 2563 462 2650 μήτε
479 2568 540 2647 μὲν
561 2566 766 2629 κατατιθέναι
785 2589 816 2628 τι
834 2564 915 2648 ὑπὲρ
937 2567 992 2649 τής
1013 2560 1148 2650 εἰρήνης.

20 2657 197 2749 αοᾶμιλλης
217 2667 252 2730 δὲ
272 2669 347 2752 περὶ
365 2662 480 2730 τούτου
501 2667 557 2732 ἐπί
574 2667 655 2748 μέγα
677 2667 856 2749 κινηθείσης
876 2661 932 2728 καί
949 2659 1050 2747 λόγων
1069 2687 1147 2751 προ-

59 2760 215 2828 ελθόντων
238 2760 350 2850 ήκιστα
373 2763 505 2850 ὀλίγων,
539 2769 626 2840 τέλος
654 2761 758 2843 ἔδοξεν
776 2760 859 2830 ὥστε
879 2766 934 2828 ἐπὶ
959 2760 1145 2849 πεντήκοντα

58 2865 120 2947 μὲν
145 2861 200 2952 ἔτη
231 2867 417 2946 ξυνεστοὶναι
438 2863 494 2952 τήν
513 2863 660 2951 εἰρήνην,
691 2860 866 2945 Ῥωμαίοις
895 2865 931 2931 δὲ
957 2865 1147 2951 ἐπιδοθῆναι

132 3002 171 3054 16·
191 2992 272 3060 ἐκτὸς
291 3005 384 3071 aun]
409 3000 470 3056 πᾶν
483 2995 516 3053 τὰ
537 2999 834 3072 σνντελεσθησόμενον
850 2999 884 3054 N·
957 3017 997 3071 ιφ
1016 2986 1090 3070 πρὸς
1107 3002 1146 3069 ιφ

126 3071 199 3148 μήτε
217 3068 278 3145 μήν
293 3075 321 3126 Β.
376 3090 418 3127 ao.
436 3070 662 3143 προσελθόντων
677 3071 749 3139 vulg.

56 3191 179 3256 faciunt,
208 3192 256 3264 qui
275 3194 357 3264 primi
377 3209 438 3246 eum
455 3192 542 3246 Persis
560 3192 594 3244 ‹le
615 3206 681 3260 pace
700 3189 870 3310 eollopuium
889 3189 1047 3242 instituunt.
1088 3188 1144 3241 Vos

795 3276 809 3309 s

54 3263 163 3335 alioqui
179 3265 245 3317 victi
264 3263 294 3315 ln
312 3281 344 3317 eo
361 3264 488 3327 vincitis,
506 3261 580 3333 quod
599 3254 680 3331 pseis‘
691 3269 773 3330 petcn
812 3277 827 3310 e
846 3260 986 3313 celeritate
1000 3262 1146 3330 praeveni·

55 3334 107 3394 tis.
126 3342 155 3387 et
173 3342 314 3403 acceptum
332 3346 365 3388 er
385 3334 466 3386 bellis
486 3333 604 3385 dedecus
623 3332 675 3383 hac
692 3331 799 3383 ratione
817 3338 845 3382 te
864 3330 927 3393 itis,
946 3331 1020 3383 etin
1040 3346 1073 3381 eo
1091 3329 1145 3384 bu-

54 3408 196 3457 manitatis
215 3405 322 3458 laudem
343 3407 489 3467 affectatis,
513 3401 588 3474 quod
608 3400 787 3472 repugnando
815 3349 976 3453 abborretis.
1022 3402 1055 3453 ld
1077 3404 1145 3470 qui-

55 3472 118 3525 dem
136 3484 165 3528 et
182 3492 251 3539 nos,
278 3479 302 3530 si
324 3477 435 3548 quaudo
462 3472 565 3527 tardius
587 3474 755 3526 mentionem
781 3473 856 3543 pacis
876 3471 1028 3536 fecissetis,
1058 3474 1144 3524 etiam

53 3546 166 3598 tineent
183 3545 371 3600 stetissemus.
407 3549 503 3616 ltaque
520 3552 548 3598 et
565 3560 660 3616 pacem
678 3543 769 3611 magni
788 3544 975 3606 aestimamus,
994 3552 1023 3596 et
1041 3560 1144 3595 sermo-

52 3632 105 3667 nes
125 3634 199 3684 pacss
217 3616 396 3671 admittimus.
431 3617 500 3669 Nam
520 3615 644 3686 generosi
662 3615 747 3667 animi
767 3622 824 3677 est,
852 3612 1003 3666 honestatis
1024 3614 1096 3682 leges
1113 3615 1143 3665 in

52 3687 183 3756 omnibus
203 3687 284 3740 rebus
304 3690 408 3760 sequi.”
443 3688 516 3740 Haec
533 3687 628 3740 Zicbus
647 3692 675 3737 et
687 3684 828 3738 amborum
844 3685 994 3754 legatorum
1007 3684 1143 3753 interpro-

52 3761 116 3819 tes,
133 3758 170 3810 ab
189 3760 311 3830 utrisque
329 3761 435 3828 prolata
454 3757 620 3827 explicantes
640 3774 687 3819 ea,
707 3771 778 3825 quse
799 3771 982 3825 unaquaeque
1000 3771 1063 3825 pars
1080 3769 1143 3806 sen·

50 3826 158 3888 tiebat.
185 3837 384 3899 exposuerunt,
407 3845 468 3881 cum
487 3831 517 3881 in
534 3828 634 3881 multos
656 3842 768 3898 quoque
786 3825 856 3877 alios
874 3839 1012 3878 sermones
1035 3825 1142 3892 erupis-

50 3904 130 3961 sent,
151 3916 234 3968 qnum
256 3902 401 3963 utilitatis,
418 3907 474 3951 tum
495 3907 604 3953 ornatus
623 3913 721 3960 causa,
739 3904 768 3948 et
784 3911 819 3948 ne
838 3897 912 3964 pacis
932 3894 1069 3947 desiderio
1088 3895 1142 3945 mi·

49 3983 104 4020 nus
121 3972 210 4021 teneri
229 3969 394 4022 viderentur.
437 3971 535 4023 Persae
552 3977 644 4020 autern
664 3982 759 4037 pacem
777 3968 936 4019 continuam
955 3982 1014 4018 esse
1032 3972 1061 4017 et
1079 3979 1142 4014 cer-

50 4045 107 4091 tam
128 4040 187 4092 auri
208 4043 405 4110 quantitatem,
434 4056 469 4092 ne
495 4041 574 4092 srrnis
593 4046 749 4101 uterentur,
775 4036 889 4108 singolis
912 4037 990 4088 annis
1015 4036 1138 4103 accipere

48 4110 190 4163 volebant.
215 4113 355 4164 Praeterea
374 4111 552 4182 quadraginta
571 4117 619 4161 aut
639 4110 674 4161 ad
692 4110 781 4160 minus
801 4108 913 4176 triginta
932 4116 1064 4158 annorum
1078 4105 1138 4157 auri

48 4182 264 4249 praestationem
286 4200 341 4235 uno
360 4179 468 4236 cumulo
487 4189 669 4234 coacervatam
685 4179 740 4231 sibi
759 4176 827 4241 dari,
847 4187 877 4229 ut
891 4179 928 4230 sb
945 4176 1031 4229 armis
1046 4173 1138 4227 disce·

50 4249 158 4312 der-ent,
176 4253 362 4322 postulabant
372 4306 374 4311 ,
386 4251 498 4305 Romani
513 4259 606 4304 contra
620 4250 655 4302 ad
666 4250 747 4302 breve
766 4256 873 4319 tempus
886 4246 996 4301 foedera
1015 4245 1074 4319 lieri
1091 4261 1138 4297 as-

49 4340 137 4393 qunm
156 4324 320 4386 censebant,
335 4331 363 4375 et
381 4325 527 4394 quicquam
544 4337 594 4392 pro
612 4337 677 4391 pace
695 4321 801 4372 solvere
826 4318 996 4371 recusabant.
1038 4315 1136 4385 Magno

48 4408 134 4461 super
150 4391 203 4446 hoc
220 4394 368 4446 certamine
387 4401 499 4448 exorto.
524 4409 585 4444 cum
605 4391 731 4462 pluribus
748 4388 838 4442 verbis
856 4390 928 4440 inter
944 4404 973 4440 se
992 4385 1138 4439 disseruis-

48 4471 127 4528 sent,
147 4463 258 4517 tsnclem
277 4465 386 4529 decreto
404 4464 537 4517 sancitum
556 4470 611 4525 est,
634 4469 667 4514 ut
684 4479 732 4532 per
751 4458 950 4533 quinquaginta
968 4463 1053 4510 annos
1081 4473 1136 4527 pax

48 4542 137 4603 esset,
154 4535 283 4593 Romsnis
300 4534 425 4593 Lasiam
440 4535 537 4593 Persae
551 4532 710 4593 redderent:
729 4531 852 4604 napaeis
871 4527 1045 4586 conditiones
1060 4529 1136 4585 rste-
