2738 5228
238 234 320 332 588
516 264 685 331 rasura}
718 266 858 331 maner
890 265 1026 363 uorsa

236 425 346 489 Lector
366 421 422 484 snb
443 423 534 484 finem
555 423 626 487 libri
644 426 735 506 primi
746 423 1006 485 Collectaneorurn
1019 433 1050 485 et
1069 424 1157 486 initio
1178 424 1312 499 secundi,

234 528 269 567 ac
291 507 509 587 Theophanes,
533 511 619 568 cuius
639 510 817 568 sententiam
838 511 987 590 integram
1007 509 1134 568 curiosis
1155 508 1317 569 lectoribus

234 589 400 650 exhibebo:
421 584 629 666 ἐβουλεύσατο
641 579 742 661 ”Istoc
758 585 775 649 ὅ
788 588 955 668 Μαΐστρος
971 590 1127 670 (dignitate
1139 593 1319 672 Magistrum

234 672 413 732 Officiorum
447 671 641 734 Marcellinus
662 672 803 754 apellat)
832 671 877 754 τῷ
896 672 1028 749 βασιλεῖ
1057 671 1204 752 Ζήνωνι,
1237 666 1319 746 ὅπως

231 754 369 833 Brother
390 747 448 833 triv
469 753 625 837 πενθερὰν
647 775 667 816 α
692 754 747 816 τοῦ
770 749 884 838 ἐκβάλῃ
907 754 964 833 τῆς
985 752 1129 827 πόλεως,
1159 751 1217 815 καί
1237 750 1318 839 δόλῳ

230 834 295 897 τινὶ
321 838 450 914 πέμψας
480 833 579 916 αὐτὴν
611 838 657 909 εἰς
678 836 888 918 Χαλκηδόνα,
920 837 988 914 μετ’
1014 833 1121 915 dlr'yor
1154 837 1191 898 δὲ
1213 836 1258 909 εἰς
1277 834 1316 897 ω’

232 918 364 997 Παρίου
384 921 513 1003 (corrigo
522 918 708 1024 ssanvpr‘ov)
730 917 894 982 καστέλλιν
914 915 1035 998 ταύτην
1057 915 1224 980 ἀπέστειλε
1244 941 1318 981 our-

230 996 351 1081 drdyerr
379 1003 559 1086 Μαρκιανῷ
586 1025 640 1065 και
668 1000 805 1085 Aeorrr'p
831 1003 871 1087 τῇ
898 1000 964 1086 ἰδίᾳ
995 998 1144 1082 θυγατρί.
1189 1004 1315 1085 Reliqua

230 1084 489 1167 obprolixitatem
518 1089 646 1161 omitto,
681 1087 712 1147 in
733 1087 844 1168 quihus
864 1085 903 1145 de
922 1095 1075 1165 amputata
1096 1086 1254 1160 auricula,
1285 1098 1312 1147 et

229 1162 365 1228 Orientis
401 1169 589 1250 praefectura
622 1170 747 1251 aliisque
778 1170 930 1229 uberrime
950 1177 1175 1249 pertractatur,
1207 1167 1314 1251 quibus

228 1248 374 1311 illustrari
395 1255 530 1334 possint,
552 1274 631 1334 quae
652 1254 744 1313 habet
760 1249 954 1313 Marcellinus
970 1251 1078 1311 Comes
1098 1253 1130 1311 in
1150 1251 1311 1326 Chronico,

229 1332 420 1395 Theodorico
450 1347 481 1395 et
508 1336 659 1398 Venantio
685 1337 770 1396 Coss.
804 1340 866 1395 sive
899 1354 980 1393 anno
1009 1335 1200 1416 Dionysiana
1220 1335 1312 1414 484:

222 1414 303 1495 vIllas
323 1420 442 1479 natione
458 1418 594 1497 Isaunu,
615 1432 767 1502 amputata
776 1417 866 1562 psud
878 1417 1053 1478 Conritaturr
1069 1418 1218 1492 arrnbrsln,
1241 1419 1311 1479 Ori·

191 1526 192 1530 *
227 1504 321 1560 entem
342 1501 461 1563 Zenoni
475 1504 594 1581 irffestus
613 1504 734 1563 invasit.
805 1520 875 1562 orro
892 1520 957 1562 cren
977 1499 1100 1561 Ιαοαίιὶ)
1125 1503 1312 1578 amanum

227 1585 295 1641 arri
313 1585 367 1642 uit.
979 1605 986 1620 ⁶

288 1605 387 1747 PPag.
402 1685 452 1725 ao.
466 1664 507 1726 A.
526 1665 620 1810 k[¹477,
633 1665 681 1810 a}
705 1666 870 1728 Marciano
891 1680 920 1728 et
938 1665 1035 1727 Proca
1055 1667 1105 1736 io,
1136 1665 1224 1750 filcile
1247 1668 1311 1727 Aa·

225 1747 339 1808 Martii.
381 1748 486 1809 Civilis
514 1751 525 1808 i
549 1752 595 1809 ius
628 1748 667 1809 bc
680 1749 700 1809 li
732 1771 855 1811 causam
887 1752 982 1810 tacuit
1041 1745 1192 1822 andidus,
1222 1771 1310 1832 quam

225 1830 406 1891 Theodorus
418 1831 526 1891 Lector
545 1842 677 1892 extremo
697 1830 777 1894 libro
798 1834 916 1915 primo,
929 1831 1132 1912 Theophanes
1145 1831 1308 1908 Chronico,

225 1912 336 1996 aliique
356 1913 494 1995 pluribus
518 1914 687 1997 explicant:
710 1918 886 1976 Marcianus
906 1914 1063 1976 Leontiam
1084 1915 1214 1976 duxerat
1235 1919 1310 1977 Leo·

223 1997 272 2058 nis
292 2018 327 2057 ex
342 1998 457 2059 Verina
476 1997 588 2076 filiam,
608 2001 658 2060 cui
677 2019 714 2060 eo
734 2000 857 2059 nomine
877 2019 1005 2078 regnum
1024 1997 1128 2058 deberi
1142 2000 1307 2075 asserebat,

222 2079 305 2162 quod
319 2092 464 2162 regnante
482 2092 568 2162 patre
585 2092 658 2142 nata
678 2092 767 2160 esset,
788 2102 858 2142 cum
870 2082 1016 2155 Ariadne,
1032 2081 1096 2141 eius
1117 2084 1308 2143 sororZeno

221 2163 270 2222 nis
292 2167 421 2243 coniux,
444 2174 604 2246 antequam
636 2167 698 2226 Leo
730 2166 891 2246 imperaret
913 2165 1018 2226 suisset
1038 2164 1069 2225 iu
1093 2161 1195 2224 lucem
1220 2167 1305 2227 edita.

220 2244 306 2307 Idem
327 2246 441 2307 bellum
462 2246 614 2328 eleganter
633 2248 831 2330 descripserat
851 2248 1029 2309 Euanthius
1045 2247 1141 2328 Syrus
1170 2259 1205 2307 et
1235 2250 1307 2310 Mal·

167 2397 169 2401 ,
221 2327 299 2390 chus
331 2329 629 2412 Philadelphiensis,
650 2342 685 2391 ut
713 2341 778 2390 tum
808 2353 842 2391 ex
864 2352 934 2413 pag.
956 2329 1008 2393 86.
1031 2329 1253 2410 Exserptornm
1272 2333 1309 2394 de

219 2407 423 2492 legationibus
451 2413 590 2473 editionis
616 2415 731 2495 regiae,
765 2425 833 2475 tum
854 2436 888 2475 ex
909 2435 975 2495 cap.
991 2413 1044 2475 26.
1065 2411 1137 2472 libri
1158 2417 1242 2475 tertii
1262 2416 1307 2475 hi-

221 2496 333 2554 storiae
367 2495 583 2556 ecclesiasticae
616 2495 741 2578 Euagrii
769 2496 884 2558 clarum
905 2506 958 2557 est.
1002 2496 1160 2557 Marciano
1181 2510 1214 2559 et
1234 2499 1306 2559 Pro·

219 2579 307 2657 copio
334 2579 459 2639 tertium
491 2578 659 2660 adiungunt
689 2580 848 2662 utriusque
878 2581 1000 2639 fratrem
1030 2578 1199 2641 Romulum
1228 2586 1307 2642 citati

218 2660 1306 2830 tiit.t'¹‚‘⁰.ilti?..¹'tt²Matthttitttttmffltltss'

217 2834 296 2905 trun,
312 2828 495 2910 Procopium
516 2849 590 2890 vero
611 2851 647 2891 ac
667 2829 876 2892 Romulumin
890 2828 1087 2891 Occidentem
1102 2830 1303 2892 siveltomau

213 2909 290 2971 eufu
312 2912 368 2972 ‘se
387 2923 543 2976 testantur.

217 3018 221 3028 ¹
291 2933 371 3076 Mag.
385 3015 433 3054 ao.
445 2997 479 3056 B.
495 2994 581 3080 [dm
598 2996 661 3080 ro.]
684 2996 789 3058 Hillrrs
805 2999 1002 3059 insurrexerit
1021 2996 1216 3057 etleontr'nrrr
1227 2997 1302 3081 Imp.

216 3080 443 3137 maniaverat.
473 3080 680 3141 Rebellionem
702 3079 776 3141 Hilli
798 3102 834 3142 ac
853 3103 956 3143 casum
976 3079 1112 3140 referunt
1123 3079 1301 3140 Theodorus

216 3157 327 3220 Lector
347 3161 440 3220 initio
455 3159 580 3238 libita,
604 3164 754 3245 Euagrius
773 3164 828 3225 lib.
852 3167 884 3226 3.
905 3185 973 3245 cap.
997 3183 1064 3245 η,
1086 3164 1303 3230 ειΕυεῖαίλιίο

85 3280 88 3286 ,
124 3275 127 3285 ·
214 3241 316 3324 Syro,
338 3264 428 3324 quem
457 3243 551 3326 vulgo
572 3246 830 3327 Epiphaniensem
849 3256 1044 3328 nuncupant,
1073 3244 1128 3304 ubi
1151 3258 1184 3307 et
1203 3247 1300 3306 Theo-

213 3323 331 3405 dorici,
354 3327 524 3388 Gothorum
545 3329 651 3408 ducis,
673 3333 833 3407 meminit,
860 3331 913 3413 qui
935 3340 1037 3411 postea
1057 3328 1175 3387 Romae
1197 3350 1214 3387 r
1271 3350 1301 3388 a·

213 3409 283 3482 vit,
316 3411 493 3486 Damascius
514 3412 546 3470 in
572 3413 636 3474 vita
657 3413 766 3473 Isidori
789 3414 856 3475 loco
877 3410 1142 3494 supraindicata,
1173 3351 1300 3472 Mellit-

213 3487 296 3554 vlinus
320 3495 447 3572 Comes,
480 3493 635 3576 Dynamio
664 3507 695 3557 et
723 3497 827 3558 Silidio
848 3499 950 3572 Coss,
973 3516 1044 3554 ann.
1066 3493 1185 3555 Christi
1205 3493 1298 3573 488:

213 3574 351 3638 &natira
369 3599 427 3637 rex
444 3592 474 3638 et
490 3577 595 3638 Hr'llus
613 3594 756 3660 tyrannus
774 3583 806 3641 r'n
826 3581 983 3664 Papyrr'o,
1006 3577 1146 3637 Isauriae
1170 3578 1297 3649 casallo,

209 3663 295 3743 capri
306 3662 500 3746 decollatique
515 3675 591 3722 suat.
636 3663 744 3747 ἄφιλα
763 3685 863 3723 eorum
882 3661 947 3723 ΟΡ.
965 3661 1061 3720 adasa
1085 3661 1233 3744 praefixa
1248 3662 1299 3721 lra-

212 3743 325 3803 stilibru
344 3744 473 3804 tabuere.
513 3745 621 3805 Victor
647 3747 863 3807 Tunnunensis
890 3747 922 3805 in
944 3743 1113 3816 Chronico,
1148 3755 1180 3804 at
1198 3743 1301 3803 'I‘heo-

212 3822 348 3906 phanes,
371 3829 425 3908 qui
446 3826 601 3887 uberrime
619 3828 736 3912 singula
756 3850 892 3912 quaeque
913 3828 1123 3909 persequitur,
1145 3847 1202 3887 suo
1223 3837 1297 3888 teur-

211 3925 286 3986 pore
305 3909 379 3970 alias
408 3909 608 3992 proferenda,
642 3933 676 3972 ex
705 3912 816 3994 quibus
836 3913 910 3973 haec
930 3931 1025 3993 pauca
1047 3907 1198 3969 delibavit
1217 3908 1299 3969 Ana·

209 3992 318 4052 auius
338 3992 589 4054 bibliothecarius
608 4016 678 4079 pag.
695 3995 747 4074 46.
768 3996 841 4057 edit.
866 3995 990 4077 regiae:
1014 3992 1122 4051 Hillus
1151 3992 1297 4052 Paeana

209 4090 274 4132 mm
298 4075 421 4136 Leondo
443 4091 472 4137 et
494 4077 615 4161 religari
635 4082 717 4140 verrit
735 4078 780 4138 ad
799 4079 950 4140 enarum
966 4075 1122 4158 raperti,
1148 4086 1179 4136 et
1196 4075 1296 4137 anna

210 4151 327 4218 Venire
348 4155 482 4240 Amara
501 4162 534 4223 irs
565 4160 692 4223 Tarsum
718 4161 842 4224 Ciliciae
852 4163 935 4244 seed
960 4179 1029 4220 eam
1045 4159 1190 4221 coronari
1210 4171 1295 4221 em
