2716 5078
187 229 261 316 ‘38
531 227 690 322 nissimi
726 253 988 321 rsssirmm.

203 421 381 499 paraverat,
408 435 428 476 a
456 417 519 476 suis
546 413 693 476 militibus
720 416 948 496 interemptum.
1001 415 1170 500 imperasse
1201 419 1305 479 sutem

204 516 360 577 mensibus
378 500 436 579 ser.
471 514 656 592 'Trebellius
680 516 714 576 in
743 515 882 596 triginta
906 517 1054 595 mannis
1069 536 1142 601 cap.
1164 514 1303 579 XXXII.

287 616 444 698 Dexippus
464 598 627 675 Claddium'
653 635 717 676 non
737 614 812 676 dicit
831 615 983 693 occisum,
1004 614 1057 676 sed
1075 623 1197 678 tantum
1218 636 1304 676 mor-

204 727 313 778 tuum:
336 736 394 776 nee
413 723 516 776 tamen
541 715 659 776 addidit
679 714 806 793 morbo,
837 724 873 778 ut
893 713 1022 776 dubium
1059 717 1174 777 sentire
1196 714 1302 779 vides·

205 823 269 877 tur.
312 813 404 877 Idem
424 818 459 876 in
481 813 621 878 Claudio
642 834 717 902 cap.
739 814 820 877 XII.
1225 889 1230 898 .

290 915 479 976 Geberichus
507 917 656 998 primitias
676 918 761 999 regni
782 917 828 980 sui
850 916 882 976 in
903 909 1071 976 vandalica
1092 920 1181 994 gente
1201 921 1306 976 exten-

206 1015 281 1077 dere
306 1017 432 1100 eupiens
464 1024 579 1077 contra*
603 1016 750 1078 Visumar
778 1036 886 1078 eomm
905 1036 1030 1099 regemp
1054 1013 1264 1097 Asdingorum
1289 1036 1307 1075 e

208 1115 321 1198 stirpe,
341 1128 421 1196 quse
441 1116 521 1176 inter
548 1136 600 1178 eos
632 1117 763 1194 eminet,
791 1136 946 1199 genusque
976 1114 1093 1175 indicat
1112 1103 1306 1174 bellieosissi-

166 1205 171 1217 ’
207 1237 311 1295 mum,
333 1215 473 1298 Dexippo
486 1214 632 1279 historico
660 1217 827 1296 referente,
854 1219 908 1300 qui
928 1237 979 1277 eos
1000 1215 1040 1275 ab
1060 1235 1173 1277 oceano
1187 1214 1228 1275 ad
1248 1234 1308 1275 no·

208 1322 306 1377 strum
326 1313 455 1376 limitem
475 1318 527 1379 vix
553 1317 585 1378 in
613 1319 684 1377 anni
706 1320 804 1400 spatio
824 1318 998 1400 pervenisse
1013 1323 1144 1378 testatur
1161 1335 1238 1397 prae
1256 1317 1308 1374 ni-

182 1417 271 1490 ,mis
283 1422 436 1478 terramm
448 1417 661 1523 immensitate.
680 1416 862 1482 Iomandes
878 1416 918 1478 de
941 1418 1007 1482 reb.
1019 1413 1089 1482 Get.
1112 1434 1185 1501 cap.
1198 1414 1308 1481 XXII.

179 1627 184 1643 ·
243 1595 366 1671 Dexipps‘
369 1561 548 1670 fragments,
559 1616 635 1722 puae
655 1597 734 1670 apud
745 1598 907 1669 Synrsllum
924 1611 1041 1654 servata
1057 1599 1209 1670 teguntur,
1226 1599 1310 1654 cuius

314 1687 393 1723 nova
410 1669 540 1725 edisios'n
577 1689 611 1725 ee
627 1688 744 1740 corpore
760 1687 844 1744 quum
861 1672 981 1724 maxime
995 1684 1126 1741 paratur,
1138 1668 1187 1721 hic
1197 1684 1310 1742 repete·

314 1757 345 1795 re
368 1758 427 1798 nen
445 1741 572 1813 placuit:
594 1740 699 1796 indicis
720 1759 770 1814 ope
786 1741 883 1814 facile
906 1739 984 1812 apud
1000 1743 1087 1815 ipsum
1099 1739 1292 1799 invenienda.
