2774 5106
368 592 632 656 numinum
662 590 865 656 ursmari.
1066 560 1147 674 3¹7
1210 603 1214 614 ·

77 767 141 827 ως,
174 742 386 831 μειρακιώδης
405 739 485 812 οὖσα
504 749 675 827 παντοίως,
698 737 772 809 oin
791 746 826 810 δὲ
846 738 942 808 άλλου
962 740 1047 818 τινός
1065 736 1152 823 οἶμαι
1161 757 1190 812 λ.
1202 762 1231 815 c.
1241 763 1291 831 5:75

75 842 352 930 ε’μφρονεστάτου.
395 849 502 933 ἓτερον
527 844 589 931 γάρ
610 843 662 910 τόν
691 844 856 910 ὁντιναοῦν
875 831 1256 956 α’παοθαδίζεσθαιιῙιξῖῙίηὲἱ

75 945 132 1008 oriz
154 942 217 1007 α’πό
238 941 354 1030 τρόπου
374 936 427 1030 ἦν·
467 948 582 1011 ἐκεῖνον
600 946 710 1027 μέντοι
729 944 770 1008 ου’
791 942 1005 1027 βρενθύεσθαι
1023 939 1101 1016 ἴσως
1120 944 1153 1006 ἐ·
1268 921 1295 957 ¹¹

72 1045 170 1125 χρῆν,
204 1044 280 1108 οὐδὲ
307 1041 474 1129 όψαγόραν
503 1041 573 1109 τινά
603 1037 758 1108 εἶναικαὶ
784 1036 1009 1126 α’πεερόκαλον.
1050 1039 1152 1125 ἧγάρ

56 1138 218 1226 5ἐπιστολὴ
241 1137 363 1225 όβρειός
383 1165 417 1207 τε
435 1141 533 1227 μεστή
555 1144 611 1206 καί
630 1137 808 1223 όνειδιομοό
835 1139 889 1203 καί
906 1140 1153 1221 μεμεθυσμένων

73 1237 226 1325 ῥημάτων
254 1240 398 1325 ὑπῆρχε.
448 1241 505 1307 καί
533 1241 631 1326 ἡμὲν
651 1237 798 1324 ἐπιστολή
821 1237 1040 1325 όπερηῳανίας
1059 1261 1093 1302 τε
1114 1231 1243 1323 violari>

73 1343 127 1403 καί
148 1339 331 1418 ἀλαζονείαις
351 1340 490 1426 πλήρης·
532 1341 693 1425 εἰσάγεται
722 1340 754 1403 δ’
773 1331 832 1404 οὖν
848 1337 1012 1421 Ἰάκωβος,
1034 1339 1073 1402 ου’
1090 1335 1154 1424 μὴν

74 1434 117 1514 aig
133 1433 310 1522 ’Ῑουστῖνον,
324 1434 379 1504 άτε
399 1436 522 1524 νοσάδη
537 1438 750 1524 τυγχάνοντα,
774 1436 855 1502 ἀλλά
872 1435 930 1524 γάρ
953 1435 997 1513 άς
1017 1435 1075 1522 την
1093 1442 1155 1520 βα-

8 1612 11 1614 ,
73 1537 198 1618 σελίδα,
219 1540 291 1603 ε’πεί
309 1539 391 1624 αότῆ
413 1537 470 1618 ξόν
492 1537 626 1627 Τιβερίῳ
648 1535 772 1604 ἅπαντα
792 1537 962 1622 ἔπραττεν.
1002 1531 1154 1616 ἀναλεξα-

24 1638 151 1721 ιομένη
171 1639 277 1702 τοίνυν
295 1637 333 1703 τά
354 1637 526 1723 γράμματα
547 1639 748 1721 ἐπηγγειλΜο
768 1639 824 1702 καί
842 1634 923 1720 αὕτη
944 1636 1081 1702 στέλλειν
1097 1636 1153 1701 τόν

71 1734 341 1818 πρεσβευσάμενον
363 1737 407 1813 ὥς
425 1743 558 1821 βασιλέα
580 1741 718 1823 Περσῶν
745 1740 801 1801 καί
818 1734 907 1822 α’μφί
924 1737 988 1801 τεόν
1009 1735 1155 1801 ὁπωσοῦν

68 1837 278 1918 κεκινημένων
308 1835 612 1923 διαλεχθησόμενον.
645 1839 813 1902 στέλλεται
840 1837 870 1899 δ’
890 1828 948 1901 σόν
967 1825 1153 1919 Ζαχαρίας,

71 1934 106 1998 ἐν
145 1943 211 2010 τοῖς
242 1936 415 2018 βασιλείοις
453 1934 719 2020 καταπαττόμενος
756 1938 875 2021 ἰατροῖς
882 1984 892 2017 ,
928 1930 1155 2021 ἐπιφερόμενος

71 2029 203 2119 γράμμα
225 2036 259 2099 ἐκ
278 2040 335 2120 τῆς
356 2038 531 2119 βασιλίδος.

34 2146 72 2213 15
153 2131 212 2216 κβ.
245 2129 313 2198 Ὅτι
352 2134 408 2201 ἐπί
440 2139 587 2221 Τιβερίου
617 2137 785 2221 Καίσαρος
823 2133 854 2199 oi
891 2135 954 2200 τεόν
982 2135 1276 2216 Ῥωμαι’ωνλ.ῦ.5ησ

64 2235 242 2316 στρατηγοί
275 2234 420 2320 εἰσβολὴν
443 2238 492 2312 ,ἐς
515 2234 685 2318 Ἀλβανίαν
720 2232 944 2319 ποιησάμενοι,
981 2230 1037 2296 καί
1075 2218 1299 2344 irari-Ilffiigin

69 2353 146 2414 ρους
171 2327 317 2414 λαβόντες
346 2334 509 2420 Σαβείρων
544 2336 600 2398 καί
635 2327 739 2397 άλλων
772 2335 896 2412 ε’θναῑν,
926 2324 1003 2416 ἧκον
1032 2333 1064 2406 ἐς
1088 2335 1184 2411 Βυ-ηη

71 2430 205 2508 ζάντιον.
240 2433 451 2518 άφικομόναυς
480 2435 516 2497 δὲ
534 2434 568 2498 ἕν
595 2431 764 2520 Βυζαντίῳ
799 2427 876 2505 τοός
915 2434 1062 2515 πρέσβεις
1082 2430 1155 2494 -τοῖν

70 2524 288 2596 ἕνδεδωκότοον
311 2527 447 2607 ἑαυτοὺς
468 2531 610 2596 Ἀλανοόν
638 2554 673 2594 τε
702 2530 758 2594 καί
787 2531 950 2617 Σαβείρων
978 2527 995 2591 ό
1022 2532 1154 2615 Καῖσαρ

33 2629 196 2709 εοδέχεται
230 2630 375 2705 ἐπιεικῶς
403 2628 459 2695 καί
497 2628 582 2695 πάνυ
619 2627 862 2716 φιλανθρώπως·
903 2625 1082 2710 πυθόμενός
1120 2651 1155 2692 τε

66 2732 146 2812 παρ’
165 2726 270 2792 αὐτῶν
295 2724 394 2794 όπόσα
413 2727 566 2815 χρήματα
587 2732 696 2805 αότοῖς
721 2728 829 2794 ἐδίδου
859 2723 877 2792 ό
897 2732 1035 2813 Περσῶν
1061 2731 1155 2810 βασι-

63 2824 159 2907 λεδς,
182 2827 325 2903 δεδωκάς
343 2852 379 2893 τε
400 2831 545 2906 ἔξουσίαν
564 2826 675 2917 σφισίν
703 2831 737 2905 ἐς
756 2823 830 2894 όσον
850 2825 1020 2914 η’βοόλονια
1041 2831 1155 2912 ἐξᾶραι

139 2929 164 2982 5.
184 2926 288 2997 ὕβρεως
306 2930 349 2995 tt,
367 2928 474 3003 ὕβρεων
491 2932 561 3002 vulg.
672 2949 710 2986 to.
730 2931 857 2986 στέλλειν
874 2931 924 2994 ll,
948 2930 1057 2985 στέλλει
1083 2930 1153 3000 vulg.

139 3015 186 3053 22.
205 3002 338 3061 ἐξουσίαν
357 3004 402 3065 8.,
420 3003 553 3063 ἐξουσίας
572 3003 643 3074 vulg.

67 3101 125 3151 rino
143 3101 249 3168 'opinor
279 3103 331 3154 virl
354 3102 500 3172 prudentia
530 3103 649 3172 praediti
673 3102 734 3158 tuit
776 3103 868 3156 Atium
900 3102 972 3155 enim
998 3104 1154 3174 quempiam

65 3168 232 3223 insolentem
258 3188 332 3236 eoae,
358 3192 413 3226 non
430 3174 551 3225 alienum
579 3175 694 3235 suisset,
717 3174 765 3226 sed
783 3174 861 3225 illum
881 3173 993 3224 minime
1011 3174 1154 3243 superbire

64 3249 115 3293 aut
137 3238 267 3294 audacius
299 3245 377 3313 loqui
401 3245 524 3295 decebat.
567 3243 603 3296 At
620 3244 736 3314 epistola
762 3243 945 3295 contumeliae
963 3252 991 3295 et
1012 3243 1106 3313 probri
1125 3250 1155 3294 et

64 3310 212 3363 verborum
237 3315 414 3366 insolentium
441 3316 523 3384 plena
541 3313 595 3365 luit
648 3314 744 3396 Itaque
763 3314 872 3365 etiamsi
888 3314 1004 3382 epistola
1026 3330 1155 3382 arrogan-

65 3383 124 3432 tiae
141 3389 169 3432 et
186 3391 359 3454 contemptui
378 3386 459 3454 plena
478 3392 564 3446 esset,
586 3391 676 3435 tamen
697 3383 870 3436 introductus
889 3392 930 3436 est
948 3384 1079 3443 lacobus,
1096 3399 1154 3435 non

65 3449 180 3522 quidem
195 3453 229 3503 ad
247 3454 391 3516 Iustinum,
412 3454 459 3524 qui
479 3453 551 3524 gravi
570 3455 666 3506 morbo
683 3456 795 3506 afflictus
814 3454 952 3516 erat,se1l
970 3454 1004 3504 ad
1024 3457 1153 3522 reginam,

65 3537 137 3590 quae
163 3523 254 3573 omnin
280 3525 387 3593 imperii
409 3525 519 3594 negotia
537 3541 597 3575 curn
616 3526 730 3576 Tiberio
758 3523 878 3576 curabat.
921 3527 1000 3583 Lecta
1025 3524 1154 3593 epistola,

65 3591 160 3660 regina
178 3593 337 3660 respondit,
357 3611 458 3666 aequo
481 3612 515 3648 ue
532 3595 673 3647 missuram
691 3596 811 3666 legatum
833 3593 868 3646 ad
894 3611 983 3663 regom
1003 3597 1152 3659 Persarum,

64 3663 114 3732 qui
137 3660 172 3712 de
198 3663 341 3725 omnibus,
370 3663 403 3714 te
422 3669 468 3736 qui
492 3683 521 3717 ιιε
546 3667 617 3718 inter
638 3668 711 3735 ipsos
733 3666 917 3720 controversia
935 3674 1008 3717 mota
1028 3675 1101 3728 erat,
1121 3682 1153 3714 a-

63 3740 148 3801 geret.
185 3734 281 3803 Itaque
308 3735 426 3785 mittitur
448 3735 588 3788 Zacharias
614 3737 687 3790 inter
704 3738 878 3806 imperatoria
903 3735 1023 3789 medicos
1049 3736 1152 3788 adscri—
1232 3774 1236 3784 ,

62 3813 145 3872 ptus,
166 3804 213 3875 qui
232 3804 298 3856 tulit
315 3805 420 3855 litterae
443 3807 558 3874 reginae.

136 3891 178 3927 no.
214 3873 270 3925 Sub
297 3873 411 3926 Tiberio
435 3875 551 3927 Caesare
569 3875 750 3928 Romanorum
768 3875 868 3939 ducet,
893 3876 1000 3946 impetu
1018 3877 1047 3927 in
1070 3874 1153 3926 Alba-

62 3943 139 3996 ninm
158 3944 246 3998 lacto.
266 3943 409 3994 obsidibus
429 3945 555 3997 aSubirio
574 3958 603 4000 et
620 3948 680 3998 aliie
699 3945 825 4014 gentibue
845 3948 974 4015 acceptis,
994 3946 1153 4012 Byzantium

63 4023 208 4065 venerunt
245 4015 283 4065 Eo
302 4030 362 4066 curn
385 4015 467 4083 legati
492 4017 638 4068 Alanorunr
664 4025 692 4069 et
709 4017 867 4069 Sabirorum
885 4021 1039 4077 venissent,
1058 4016 1105 4083 qui
1123 4031 1152 4066 ae

63 4083 193 4135 Romanis
222 4082 371 4146 dederant,
399 4086 496 4137 Caesar
513 4103 560 4137 eoo
579 4087 696 4156 benigne
713 4096 741 4139 et
757 4087 915 4139 humaniter
934 4086 1047 4155 excepit.
1086 4084 1153 4136 Cum

62 4165 155 4205 autem
178 4172 211 4206 ex
232 4172 325 4206 rorum
341 4154 578 4220 verbisaudiatet,
596 4165 710 4227 quantas
732 4158 860 4225 pecunias
876 4159 930 4209 illis
947 4159 1086 4208 Persarum
1106 4170 1153 4205 rex

63 4225 179 4294 largitos
207 4226 321 4287 luisset,
343 4225 412 4276 saeta
434 4234 585 4294 potestate,
612 4235 745 4297 quantum
764 4229 867 4280 vellent
884 4225 1007 4278 oratione
1025 4242 1080 4276 rem
1103 4241 1154 4275 rx-

64 4312 204 4363 aggmaw,
227 4304 255 4346 et
273 4310 366 4345 verum
385 4294 501 4347 dicendo
519 4297 789 4366 obscurare,„Duplo
812 4299 913 4348 maiora
936 4298 1056 4365 praemia
1075 4295 1153 4353 vobio

65 4365 186 4431 largiar,
207 4365 315 4434 inquit,
346 4381 402 4416 nou
421 4367 508 4417 solum
529 4369 593 4421 viris
613 4371 642 4420 in
664 4369 797 4436 dignitate
816 4367 989 4428 constitutis,
1007 4366 1055 4419 ted
1073 4368 1154 4418 etiam

67 4435 221 4506 uuicuique
248 4437 394 4488 vestrum.’'
437 4438 512 4491 Haec
538 4436 663 4492 barbarie
686 4439 821 4491 laetitiam
849 4437 1017 4500 attulerunt,
1047 4448 1074 4489 et
1101 4436 1153 4489 riri
