2716 5078
488 546 727 618 PRAEFATIO.
1100 557 1144 622 xt

123 709 178 764 nir
205 706 327 781 peractio
350 703 509 779 typothetae
526 724 595 779 opor
615 708 688 763 tradi
702 712 825 779 potera,
845 710 900 764 niel
912 724 1024 767 enorum
1040 713 1146 767 verrio·

58 816 103 869 nia
126 814 235 869 intime
256 828 328 867 onoc
355 810 535 866 incumberet.
570 813 654 884 Quod
678 832 763 887 quum
787 813 927 885 depellere
948 832 1006 870 non
1030 815 1143 884 liceret,

62 919 305 980 Cantoclamnam,
332 930 386 986 qua
403 914 527 985 peiorem
543 914 648 969 nullam
663 916 695 970 in
710 918 836 972 univerco
853 917 907 972 hoc
922 918 1076 975 litterarum
1097 937 1146 992 ge·

64 1039 131 1078 nere
153 1020 275 1074 inveniri
297 1021 329 1075 in
352 1018 449 1091 vulguc
472 1026 566 1073 notum
591 1025 650 1086 eet,
672 1020 733 1075 eine
757 1021 848 1092 operio
864 1021 996 1078 dedecore
1014 1023 1146 1078 intactam

67 1124 168 1180 curari
186 1140 244 1178 non
259 1139 341 1195 poue
360 1120 526 1194 apparebat:
544 1137 636 1176 verum
656 1126 704 1196 qui
721 1141 750 1179 ee
764 1127 871 1197 ingrato
885 1126 1037 1197 corrigendi
1054 1125 1146 1183 labori

68 1226 161 1292 daret,
186 1226 363 1281 inveniebam
386 1229 540 1296 neminem
565 1227 787 1293 uiuidiorem,
818 1245 982 1300 quamquam
1008 1229 1147 1285 continuio

69 1332 294 1403 occupationibus
312 1332 458 1405 implicito,
475 1333 573 1403 pictae,
591 1349 646 1405 qua
662 1350 706 1387 me
724 1333 925 1404 parentieloco
942 1332 1020 1397 colit,
1035 1350 1149 1407 peruua-

69 1437 154 1491 ἥκοι.
188 1439 222 1490 ln
237 1453 294 1508 quo
313 1438 425 1510 negotio
442 1445 574 1511 quantum
592 1437 677 1491 taedii
702 1436 917 1491 exhauriendum
941 1436 1045 1500 luerit,
1067 1452 1148 1490 nemo

73 1542 125 1594 niti
151 1552 280 1614 experto·
309 1543 402 1607 animo
427 1543 583 1613 concipiet:
612 1542 684 1596 illud
714 1550 805 1595 antem
833 1523 1054 1596 molereturimuu'r
1075 1545 1149 1604 erat,

75 1643 146 1716 quod
161 1644 277 1700 anblatia
294 1645 447 1699 innumeric
467 1645 543 1699 vitiie
563 1653 655 1699 tamen
671 1643 702 1696 id
718 1644 807 1699 colum
824 1644 918 1714 perfici
941 1651 1050 1717 poterat
1078 1649 1112 1695 nt
1134 1659 1152 1696 a

75 1747 234 1802 loetiuimir
272 1747 401 1803 cordibus
432 1749 597 1803 liberaretur
631 1748 743 1803 oratio:
770 1747 801 1800 id
829 1747 959 1813 minime,
993 1754 1025 1801 ut
1055 1748 1151 1819 pulcra

77 1849 163 1916 heret,
190 1858 321 1923 grataque
338 1851 512 1922 legentibur.=
537 1850 612 1908 Idem
632 1851 777 1905 Clearenuo
793 1867 869 1904 meur
895 1849 1048 1921 comploret
1071 1866 1152 1921 prae·

81 1951 144 2006 alme
158 1953 324 2026 excogitatae
342 1954 546 2009 emendationeo
570 1953 767 2025 cuppeditavit3
792 1954 962 2025 cingulorum
988 1953 1153 2024 ecriptorum

80 2056 197 2129 reliquii·
214 2066 373 2129 argumenta
391 2058 523 2127 addidit,
543 2057 786 2130 chronographiam
804 2059 938 2128 excerptio
956 2057 990 2112 de
1007 2057 1154 2112 cententiia
1180 2069 1184 2081 ·

83 2175 114 2213 ca
127 2161 247 2233 Eunapio
265 2171 295 2216 et
309 2161 477 2216 Menandro:
495 2146 664 2232 indicetque,
688 2163 719 2216 in
737 2179 806 2234 quoe
831 2162 1007 2216 utiliorimum
1031 2160 1155 2214 laborem

84 2265 232 2337 innupsit,
250 2267 385 2336 coniecit;
401 2275 434 2322 ut
451 2267 553 2320 leviora
573 2267 627 2319 alia
644 2267 787 2331 omittam,
809 2282 882 2337 quae
906 2265 937 2319 in
954 2265 1008 2320 hoo
1026 2264 1156 2322 volumen

87 2370 197 2423 eonorlit
232 2371 312 2442 Quae
329 2372 514 2425 consideranti
534 2368 680 2441 apparebit
696 2369 788 2457 louge¹
805 2368 1026 2442 operocieaimum
1051 2367 1110 2422 einr
1126 2367 1157 2421 lu

89 2486 117 2525 eo
132 2474 245 2527 orumdo
262 2474 348 2528 iniere
366 2474 498 2528 laborem.¹

147 2576 274 2648 Superest
289 2585 323 2630 ut
339 2576 375 2629 de
388 2577 559 2649 panegyricis
576 2577 719 2632 hnmtneio
733 2578 824 2643 dictio,
844 2593 913 2649 quoe
933 2580 1072 2649 postremo
1093 2572 1156 2628 loeo

8 2713 9 2716 =
91 2676 173 2744 adieri,
188 2697 260 2754 quae
271 2682 327 2736 huc
344 2683 487 2752 pertinent
498 2682 618 2737 doceam
645 2683 778 2737 Oeetlone
791 2681 917 2752 Procopii
932 2675 1158 2748 Gazacireliquic

92 2787 256 2840 monumentis
281 2802 354 2857 quae
368 2784 416 2839 hic
433 2788 547 2841 collecte
565 2792 674 2842 enatant
690 2784 882 2858 adiungenda,
907 2784 1078 2839 eruditorum
1097 2798 1160 2854 gra·

93 2885 146 2938 tiam
161 2905 201 2943 me
224 2891 361 2944 meruitne
376 2899 451 2946 certe
468 2892 541 2957 ecio,
581 2891 631 2962 qui
649 2904 708 2943 eam
725 2889 810 2944 remei
826 2894 932 2944 uotum
950 2890 981 2942 in
997 2885 1160 2944 Villoironio

93 2992 271 3048 eneadotornm
293 2994 458 3049 collectione
484 2993 587 3050 editam
606 3011 665 3049 ecre
682 3001 801 3048 norunt:
827 3000 929 3067 quotue
946 2991 1022 3046 euim
1040 2991 1159 3061 quicque
1202 3008 1204 3011 ·

93 3090 271 3151 infirmanti
294 3099 374 3152 illam
397 3097 538 3177 poreidet?
572 3098 635 3151 Mea
659 3113 743 3169 opera
764 3096 794 3150 in
818 3096 896 3150 illiue
919 3094 1085 3166 repetitione
1102 3108 1160 3145 non
1199 3089 1202 3096 '

91 3193 185 3269 longior
203 3203 338 3273 processit
354 3218 437 3274 qnam
455 3209 488 3255 ut
505 3201 624 3257 subinde
649 3200 750 3256 codicio
767 3200 915 3254 lectionem
935 3214 953 3250 a
975 3198 1035 3253 viro
1054 3196 1162 3267 egregio

91 3297 409 3362 Velloironeimmutatam
420 3322 591 3361 revocarem:
609 3305 735 3360 vectione
753 3304 848 3368 latina,
866 3309 1081 3372 argumentoque
1099 3314 1161 3359 earu

90 3403 207 3461 inunxit
222 3425 295 3464 ame
311 3417 422 3481 rogetur
440 3410 535 3463 Frane.
553 3408 693 3474 Ritteruc,
712 3408 781 3462 Phil
799 3408 834 3460 D.
852 3406 901 3478 qui
919 3404 1077 3475 nuperrime
1093 3418 1162 3473 ope·

89 3521 135 3563 ram
150 3528 225 3566 cnam
244 3512 282 3565 ad
303 3512 479 3585 explicandae
502 3512 532 3568 in
558 3513 611 3566 hac
641 3515 796 3569 litterarum
809 3510 987 3566 universitate
1002 3508 1164 3580 disciplinae
1264 3527 1266 3530 ’

87 3611 258 3687 philologieis
277 3617 402 3688 profiteri
423 3618 527 3673 statuit
558 3617 682 3672 Editoric
711 3616 904 3670 annotationeo
922 3628 993 3685 quae
1011 3611 1047 3665 ad
1071 3612 1161 3682 expli·

86 3717 177 3772 man
193 3737 238 3774 rer
256 3721 393 3776 hnarurii
416 3730 524 3776 tantum
542 3722 708 3786 conferunt,
744 3726 777 3773 ut
793 3719 837 3772 vel
855 3704 891 3770 ad
907 3717 1026 3771 latinum
1043 3718 1164 3786 Panegy-

87 3821 165 3877 ricum
187 3825 428 3897 interpretandum
450 3823 651 3898 quodammodo
675 3823 798 3878 ruificere
817 3822 941 3892 poccint,
964 3821 1023 3877 iera
1045 3822 1165 3890 integrm

86 3927 198 3998 repetii:
217 3947 274 4000 qno
290 3930 407 3984 comitio
425 3930 512 3984 honor
538 3928 656 3984 hebetur
674 3928 800 3981 manibuc
818 3925 1001 3981 Villoironie:
1027 3937 1118 3993 neque
1136 3921 1165 3974 ei

84 4030 194 4087 aliunde
209 4032 268 4087 nlla
285 4032 415 4089 obrtnbat
430 4035 500 4089 ratio
509 4071 521 4099 ,
539 4033 667 4088 extinctio
685 4031 790 4086 dudum
817 4038 846 4083 et
866 4030 1000 4100 ocriptore
1017 4032 1046 4080 et
1059 4021 1168 4078 biblio-

85 4136 221 4204 Nhffir
239 4150 357 4209 quorum
373 4139 527 4210 computrue
551 4136 691 4194 hnecdota
709 4137 784 4190 edita
806 4141 886 4200 cunt,
909 4129 1030 4203 negotio.
1066 4127 1168 4182 eonor

85 4248 174 4296 autem
189 4241 305 4297 minime
325 4243 409 4298 licere
427 4245 516 4300 virum
533 4251 576 4299 ert
590 4245 621 4297 in
641 4258 719 4296 meae
741 4240 873 4294 editionir
892 4238 1083 4321 ornamentum
1101 4247 1167 4288 oon·

86 4352 203 4411 mie,
221 4342 294 4418 quae
312 4346 353 4400 ill.
369 4348 458 4402 hlaine
475 4349 512 4404 ad
528 4349 651 4419 ectogar,
667 4331 717 4400 aut
731 4343 895 4408 Boettcher,
922 4357 948 4398 v·
972 4339 1006 4394 cl.
1024 4337 1063 4429 ad
1079 4354 1182 4412 pane·¹

86 4450 360 4520 uncuml’ricciani,
380 4469 478 4525 quem,
495 4452 545 4508 diu
562 4468 579 4503 a
594 4449 744 4525 philologio
769 4446 922 4520 expetitum
940 4443 1041 4517 quibui
1058 4460 1122 4498 eum
1138 4443 1170 4497 in
