<?xml version="1.0" encoding="UTF-8"?>
<!DOCTYPE html PUBLIC "-//W3C//DTD XHTML 1.0 Transitional//EN"
    "http://www.w3.org/TR/xhtml1/DTD/xhtml1-transitional.dtd">
<html xmlns="http://www.w3.org/1999/xhtml" xml:lang="en" lang="en">
 <head>
  <title>
</title>
<meta http-equiv="Content-Type" content="text/html;charset=utf-8" />
  <meta name='ocr-system' content='tesseract 3.04.00' />
  <meta name='ocr-capabilities' content='ocr_page ocr_carea ocr_par ocr_line ocrx_word'/>
</head>
<body>
  <div class='ocr_page' id='page_1' title='image "./dexippieunapiip00malcgoog_0045.png"; bbox 0 0 2716 5078; ppageno 0'>
   <div class='ocr_carea' id='block_1_1' title="bbox 223 254 869 319">
    <p class='ocr_par' dir='ltr' id='par_1_1' title="bbox 223 254 869 319">
     <span class='ocr_line' id='line_1_1' title="bbox 223 254 869 319; baseline -0.003 0"><span class='ocrx_word' id='word_1_1' title='bbox 223 257 318 319; x_wconf 17' lang='lat' dir='ltr'><strong><em>xiil-s</em></strong></span> <span class='ocrx_word' id='word_1_2' title='bbox 385 298 424 302; x_wconf 34' lang='lat' dir='ltr'><strong><em>-v</em></strong></span> <span class='ocrx_word' id='word_1_3' title='bbox 498 297 511 303; x_wconf 19' lang='grc' dir='ltr'><strong><em>κ-</em></strong></span> <span class='ocrx_word' id='word_1_4' title='bbox 569 298 571 301; x_wconf 92' lang='grc'>-</span> <span class='ocrx_word' id='word_1_5' title='bbox 636 254 869 318; x_wconf 69' lang='lat' dir='ltr'><strong><em>uiolento</em></strong></span> 
     </span>
    </p>
   </div>
   <div class='ocr_carea' id='block_1_2' title="bbox 125 398 1303 900">
    <p class='ocr_par' dir='ltr' id='par_1_2' title="bbox 125 398 1303 900">
     <span class='ocr_line' id='line_1_2' title="bbox 224 398 1303 494; baseline -0.002 -21"><span class='ocrx_word' id='word_1_6' title='bbox 224 414 322 494; x_wconf 76' lang='lat' dir='ltr'><strong><em>regiae</em></strong></span> <span class='ocrx_word' id='word_1_7' title='bbox 343 415 489 474; x_wconf 78' lang='lat' dir='ltr'><strong><em>niai‘estati</em></strong></span> <span class='ocrx_word' id='word_1_8' title='bbox 509 412 610 472; x_wconf 77' lang='lat' dir='ltr'><strong><em>desioti</em></strong></span> <span class='ocrx_word' id='word_1_9' title='bbox 628 427 703 474; x_wconf 85' lang='lat' dir='ltr'><strong><em>metu</em></strong></span> <span class='ocrx_word' id='word_1_10' title='bbox 722 398 811 473; x_wconf 83' lang='lat' dir='ltr'><strong><em>soluti</em></strong></span> <span class='ocrx_word' id='word_1_11' title='bbox 829 415 905 486; x_wconf 91' lang='lat' dir='ltr'><strong><em>sint,</em></strong></span> <span class='ocrx_word' id='word_1_12' title='bbox 943 426 972 473; x_wconf 87' lang='lat' dir='ltr'><strong><em>et</em></strong></span> <span class='ocrx_word' id='word_1_13' title='bbox 991 402 1082 472; x_wconf 83' lang='lat' dir='ltr'><strong><em>bostes</em></strong></span> <span class='ocrx_word' id='word_1_14' title='bbox 1104 410 1218 471; x_wconf 81' lang='lat' dir='ltr'><em>Gallici</em></span> <span class='ocrx_word' id='word_1_15' title='bbox 1245 430 1303 471; x_wconf 89' lang='lat' dir='ltr'><strong><em>no-</em></strong></span> 
     </span>
     <span class='ocr_line' id='line_1_3' title="bbox 226 509 1301 597; baseline -0.002 -25"><span class='ocrx_word' id='word_1_16' title='bbox 226 515 315 573; x_wconf 89' lang='lat' dir='ltr'><strong><em>minis</em></strong></span> <span class='ocrx_word' id='word_1_17' title='bbox 332 536 383 597; x_wconf 90' lang='lat' dir='ltr'><strong><em>spe</em></strong></span> <span class='ocrx_word' id='word_1_18' title='bbox 403 535 484 575; x_wconf 85' lang='lat' dir='ltr'><strong><em>vana</em></strong></span> <span class='ocrx_word' id='word_1_19' title='bbox 503 526 639 573; x_wconf 79' lang='lat' dir='ltr'><em>tumentes</em></span> <span class='ocrx_word' id='word_1_20' title='bbox 659 516 756 573; x_wconf 90' lang='lat' dir='ltr'><strong><em>statim</em></strong></span> <span class='ocrx_word' id='word_1_21' title='bbox 776 514 906 588; x_wconf 85' lang='lat' dir='ltr'><strong><em>animos,</em></strong></span> <span class='ocrx_word' id='word_1_22' title='bbox 935 533 1006 597; x_wconf 86' lang='lat' dir='ltr'><strong><em>quos</em></strong></span> <span class='ocrx_word' id='word_1_23' title='bbox 1024 512 1215 586; x_wconf 83' lang='lat' dir='ltr'><strong><em>sustulerant,</em></strong></span> <span class='ocrx_word' id='word_1_24' title='bbox 1244 509 1301 570; x_wconf 89' lang='lat' dir='ltr'><strong><em>de·</em></strong></span> 
     </span>
     <span class='ocr_line' id='line_1_4' title="bbox 225 610 1300 699; baseline -0.005 -26"><span class='ocrx_word' id='word_1_25' title='bbox 225 615 376 689; x_wconf 70' lang='lat' dir='ltr'><strong><em>miserint,⁸</em></strong></span> <span class='ocrx_word' id='word_1_26' title='bbox 397 617 497 676; x_wconf 80' lang='lat' dir='ltr'><strong><em>mantio</em></strong></span> <span class='ocrx_word' id='word_1_27' title='bbox 519 616 618 674; x_wconf 85' lang='lat' dir='ltr'><strong><em>malae</em></strong></span> <span class='ocrx_word' id='word_1_28' title='bbox 641 635 761 699; x_wconf 78' lang='lat' dir='ltr'><strong><em>pugnae</em></strong></span> <span class='ocrx_word' id='word_1_29' title='bbox 780 614 825 674; x_wconf 88' lang='lat' dir='ltr'><strong><em>ad</em></strong></span> <span class='ocrx_word' id='word_1_30' title='bbox 841 614 1017 674; x_wconf 81' lang='lat' dir='ltr'><strong><em>Rocmvi&#39;um</em></strong></span> <span class='ocrx_word' id='word_1_31' title='bbox 1036 614 1221 673; x_wconf 77' lang='lat' dir='ltr'><strong><em>comtemati.</em></strong></span> <span class='ocrx_word' id='word_1_32' title='bbox 1269 610 1300 668; x_wconf 93' lang='lat'><em>0</em></span> 
     </span>
     <span class='ocr_line' id='line_1_5' title="bbox 223 710 1302 807; baseline -0.004 -34"><span class='ocrx_word' id='word_1_33' title='bbox 223 713 306 773; x_wconf 86' lang='lat' dir='ltr'><strong><em>diem</em></strong></span> <span class='ocrx_word' id='word_1_34' title='bbox 324 714 406 807; x_wconf 83' lang='lat' dir='ltr'><strong><em>nobis</em></strong></span> <span class='ocrx_word' id='word_1_35' title='bbox 424 714 492 802; x_wconf 83' lang='lat' dir='ltr'><strong><em>albo</em></strong></span> <span class='ocrx_word' id='word_1_36' title='bbox 510 713 675 777; x_wconf 87' lang='lat' dir='ltr'><strong><em>notandum</em></strong></span> <span class='ocrx_word' id='word_1_37' title='bbox 687 714 825 798; x_wconf 81' lang='lat' dir='ltr'><strong><em>lapillo!</em></strong></span> <span class='ocrx_word' id='word_1_38' title='bbox 856 733 884 773; x_wconf 59' lang='grc' dir='ltr'><strong><em>οι</em></strong></span> <span class='ocrx_word' id='word_1_39' title='bbox 896 712 983 797; x_wconf 25' lang='lat' dir='ltr'><strong><em>aim·</em></strong></span> <span class='ocrx_word' id='word_1_40' title='bbox 994 714 1154 794; x_wconf 75' lang='lat' dir='ltr'><strong><em>infaustum</em></strong></span> <span class='ocrx_word' id='word_1_41' title='bbox 1170 710 1302 772; x_wconf 77' lang='lat' dir='ltr'><em>hostibus</em></span> 
     </span>
     <span class='ocr_line' id='line_1_6' title="bbox 125 803 1300 900; baseline -0.004 -25"><span class='ocrx_word' id='word_1_42' title='bbox 125 849 133 875; x_wconf 67' lang='lat' dir='ltr'><em>a</em></span> <span class='ocrx_word' id='word_1_43' title='bbox 224 824 286 874; x_wconf 87' lang='lat' dir='ltr'><strong><em>tam</em></strong></span> <span class='ocrx_word' id='word_1_44' title='bbox 291 803 392 893; x_wconf 76' lang='lat' dir='ltr'><strong><em>jbeda</em></strong></span> <span class='ocrx_word' id='word_1_45' title='bbox 410 814 520 875; x_wconf 89' lang='lat' dir='ltr'><strong><em>clade!</em></strong></span> <span class='ocrx_word' id='word_1_46' title='bbox 537 814 684 900; x_wconf 79' lang='lat' dir='ltr'><strong><em>quidquid</em></strong></span> <span class='ocrx_word' id='word_1_47' title='bbox 699 816 777 874; x_wconf 88' lang='lat' dir='ltr'><strong><em>enim</em></strong></span> <span class='ocrx_word' id='word_1_48' title='bbox 796 812 941 896; x_wconf 74' lang='lat' dir='ltr'><strong><em>Hispanis</em></strong></span> <span class='ocrx_word' id='word_1_49' title='bbox 961 815 993 872; x_wconf 88' lang='lat' dir='ltr'><strong><em>in</em></strong></span> <span class='ocrx_word' id='word_1_50' title='bbox 1014 813 1165 873; x_wconf 87' lang='lat' dir='ltr'><strong><em>Flandria</em></strong></span> <span class='ocrx_word' id='word_1_51' title='bbox 1186 813 1300 871; x_wconf 84' lang='lat' dir='ltr'><strong><em>viri&#39;ian</em></strong></span> 
     </span>
    </p>
   </div>
   <div class='ocr_carea' id='block_1_3' title="bbox 126 913 1346 4193">
    <p class='ocr_par' dir='ltr' id='par_1_3' title="bbox 126 913 1346 4193">
     <span class='ocr_line' id='line_1_7' title="bbox 210 913 1301 999; baseline -0.003 -24"><span class='ocrx_word' id='word_1_52' title='bbox 210 915 337 995; x_wconf 82' lang='lat' dir='ltr'><strong><em>fiurat,</em></strong></span> <span class='ocrx_word' id='word_1_53' title='bbox 369 916 424 975; x_wconf 89' lang='lat' dir='ltr'><strong><em>illa</em></strong></span> <span class='ocrx_word' id='word_1_54' title='bbox 454 915 642 976; x_wconf 81' lang='lat' dir='ltr'><strong><em>dimicatione</em></strong></span> <span class='ocrx_word' id='word_1_55' title='bbox 664 927 844 999; x_wconf 87' lang='lat' dir='ltr'><strong><em>prostratum</em></strong></span> <span class='ocrx_word' id='word_1_56' title='bbox 870 927 923 974; x_wconf 85' lang='lat' dir='ltr'><strong><em>est.</em></strong></span> <span class='ocrx_word' id='word_1_57' title='bbox 964 913 1036 974; x_wconf 89' lang='lat' dir='ltr'><strong><em>Hac</em></strong></span> <span class='ocrx_word' id='word_1_58' title='bbox 1059 914 1166 973; x_wconf 80' lang='lat' dir='ltr'><em>Gallus</em></span> <span class='ocrx_word' id='word_1_59' title='bbox 1193 933 1301 997; x_wconf 77' lang='lat' dir='ltr'><strong><em>pugna</em></strong></span> 
     </span>
     <span class='ocr_line' id='line_1_8' title="bbox 126 1012 1301 1109; baseline -0.005 -33"><span class='ocrx_word' id='word_1_60' title='bbox 126 1086 129 1109; x_wconf 47' lang='grc' dir='ltr'>Ι</span> <span class='ocrx_word' id='word_1_61' title='bbox 222 1013 308 1076; x_wconf 86' lang='lat' dir='ltr'><strong><em>edita</em></strong></span> <span class='ocrx_word' id='word_1_62' title='bbox 330 1018 443 1099; x_wconf 79' lang='lat' dir='ltr'><em>posteri</em></span> <span class='ocrx_word' id='word_1_63' title='bbox 473 1018 610 1098; x_wconf 87' lang='lat' dir='ltr'><strong><em>temporis</em></strong></span> <span class='ocrx_word' id='word_1_64' title='bbox 637 1017 818 1074; x_wconf 77' lang='lat' dir='ltr'><em>securitatem</em></span> <span class='ocrx_word' id='word_1_65' title='bbox 844 1015 992 1098; x_wconf 77' lang='lat' dir='ltr'><em>concepit:</em></span> <span class='ocrx_word' id='word_1_66' title='bbox 1026 1012 1181 1097; x_wconf 87' lang='lat' dir='ltr'><strong><em>Hispanus</em></strong></span> <span class='ocrx_word' id='word_1_67' title='bbox 1200 1025 1301 1071; x_wconf 90' lang='lat' dir='ltr'><strong><em>autem</em></strong></span> 
     </span>
     <span class='ocr_line' id='line_1_9' title="bbox 216 1112 1300 1200; baseline -0.006 -24"><span class='ocrx_word' id='word_1_68' title='bbox 216 1114 339 1198; x_wconf 82' lang='lat' dir='ltr'><em>pridem</em></span> <span class='ocrx_word' id='word_1_69' title='bbox 356 1113 494 1198; x_wconf 81' lang='lat' dir='ltr'><strong><em>fiduciae</em></strong></span> <span class='ocrx_word' id='word_1_70' title='bbox 524 1135 561 1173; x_wconf 90' lang='lat' dir='ltr'><strong><em>ac</em></strong></span> <span class='ocrx_word' id='word_1_71' title='bbox 586 1116 652 1200; x_wconf 90' lang='lat' dir='ltr'><strong><em>spei</em></strong></span> <span class='ocrx_word' id='word_1_72' title='bbox 676 1114 781 1200; x_wconf 79' lang='lat' dir='ltr'><strong><em>plenis</em></strong></span> <span class='ocrx_word' id='word_1_73' title='bbox 808 1115 937 1174; x_wconf 82' lang='lat' dir='ltr'><strong><em>animum</em></strong></span> <span class='ocrx_word' id='word_1_74' title='bbox 955 1115 1054 1198; x_wconf 78' lang='lat' dir='ltr'><em>posuit</em></span> <span class='ocrx_word' id='word_1_75' title='bbox 1070 1112 1300 1197; x_wconf 79' lang='lat' dir='ltr'><strong><em>praeferocem,</em></strong></span> 
     </span>
     <span class='ocr_line' id='line_1_10' title="bbox 222 1211 1303 1297; baseline -0.006 -21"><span class='ocrx_word' id='word_1_76' title='bbox 222 1216 301 1276; x_wconf 80' lang='lat' dir='ltr'><strong><em>tanti</em></strong></span> <span class='ocrx_word' id='word_1_77' title='bbox 316 1213 466 1273; x_wconf 80' lang='lat' dir='ltr'><strong><em>dedecoris</em></strong></span> <span class='ocrx_word' id='word_1_78' title='bbox 494 1213 669 1296; x_wconf 73' lang='lat' dir='ltr'><strong><em>i&#39;iuiigni&#39;tate</em></strong></span> <span class='ocrx_word' id='word_1_79' title='bbox 684 1213 847 1297; x_wconf 84' lang='lat' dir='ltr'><strong><em>perculsus.</em></strong></span> <span class='ocrx_word' id='word_1_80' title='bbox 889 1211 959 1273; x_wconf 86' lang='lat' dir='ltr'><strong><em>Hoc</em></strong></span> <span class='ocrx_word' id='word_1_81' title='bbox 985 1226 1081 1273; x_wconf 89' lang='lat' dir='ltr'><strong><em>autem</em></strong></span> <span class='ocrx_word' id='word_1_82' title='bbox 1101 1212 1231 1272; x_wconf 89' lang='lat' dir='ltr'><strong><em>oninium</em></strong></span> <span class='ocrx_word' id='word_1_83' title='bbox 1251 1232 1303 1269; x_wconf 89' lang='lat' dir='ltr'><strong><em>rc-</em></strong></span> 
     </span>
     <span class='ocr_line' id='line_1_11' title="bbox 220 1312 1301 1399; baseline -0.006 -25"><span class='ocrx_word' id='word_1_84' title='bbox 220 1328 331 1398; x_wconf 72' lang='lat' dir='ltr'><strong><em>gnator</em></strong></span> <span class='ocrx_word' id='word_1_85' title='bbox 350 1314 432 1376; x_wconf 87' lang='lat' dir='ltr'><strong><em>Deus</em></strong></span> <span class='ocrx_word' id='word_1_86' title='bbox 446 1315 586 1399; x_wconf 69' lang='lat' dir='ltr'><strong><em>perficit.-</em></strong></span> <span class='ocrx_word' id='word_1_87' title='bbox 606 1316 686 1375; x_wconf 88' lang='lat' dir='ltr'><strong><em>cuius</em></strong></span> <span class='ocrx_word' id='word_1_88' title='bbox 704 1316 793 1375; x_wconf 78' lang='lat' dir='ltr'><strong><em>etiam</em></strong></span> <span class='ocrx_word' id='word_1_89' title='bbox 819 1314 1011 1399; x_wconf 76' lang='lat' dir='ltr'><strong><em>providentia</em></strong></span> <span class='ocrx_word' id='word_1_90' title='bbox 1040 1312 1183 1396; x_wconf 82' lang='lat' dir='ltr'><strong><em>Princeps</em></strong></span> <span class='ocrx_word' id='word_1_91' title='bbox 1210 1330 1301 1391; x_wconf 82' lang='lat' dir='ltr'><strong><em>saga-</em></strong></span> 
     </span>
     <span class='ocr_line' id='line_1_12' title="bbox 221 1411 1304 1501; baseline -0.005 -25"><span class='ocrx_word' id='word_1_92' title='bbox 221 1417 351 1476; x_wconf 72' lang='lat' dir='ltr'><strong><em>cissimus</em></strong></span> <span class='ocrx_word' id='word_1_93' title='bbox 369 1414 603 1501; x_wconf 64' lang='lat' dir='ltr'><strong><em>ciinifadfinem</em></strong></span> <span class='ocrx_word' id='word_1_94' title='bbox 622 1415 810 1476; x_wconf 80' lang='lat' dir='ltr'><strong><em>niomaiitatis</em></strong></span> <span class='ocrx_word' id='word_1_95' title='bbox 828 1414 1001 1489; x_wconf 81' lang='lat' dir='ltr'><strong><em>accederet,</em></strong></span> <span class='ocrx_word' id='word_1_96' title='bbox 1030 1426 1060 1473; x_wconf 87' lang='lat' dir='ltr'><strong><em>et</em></strong></span> <span class='ocrx_word' id='word_1_97' title='bbox 1077 1415 1177 1473; x_wconf 83' lang='lat' dir='ltr'><strong><em>oi&#39;rum</em></strong></span> <span class='ocrx_word' id='word_1_98' title='bbox 1195 1411 1304 1483; x_wconf 82' lang='lat' dir='ltr'><strong><em>Riclie-</em></strong></span> 
     </span>
     <span class='ocr_line' id='line_1_13' title="bbox 221 1512 1303 1600; baseline -0.004 -25"><span class='ocrx_word' id='word_1_99' title='bbox 221 1515 290 1593; x_wconf 77' lang='lat' dir='ltr'><strong><em>tio,</em></strong></span> <span class='ocrx_word' id='word_1_100' title='bbox 323 1517 376 1600; x_wconf 84' lang='lat' dir='ltr'><strong><em>qui</em></strong></span> <span class='ocrx_word' id='word_1_101' title='bbox 396 1535 493 1574; x_wconf 91' lang='lat' dir='ltr'><strong><em>rerum</em></strong></span> <span class='ocrx_word' id='word_1_102' title='bbox 519 1528 665 1596; x_wconf 76' lang='lat' dir='ltr'><strong><em>gestamen</em></strong></span> <span class='ocrx_word' id='word_1_103' title='bbox 693 1514 791 1595; x_wconf 82' lang='lat' dir='ltr'><strong><em>gloria</em></strong></span> <span class='ocrx_word' id='word_1_104' title='bbox 810 1527 840 1574; x_wconf 88' lang='lat' dir='ltr'><strong><em>et</em></strong></span> <span class='ocrx_word' id='word_1_105' title='bbox 858 1515 954 1574; x_wconf 80' lang='lat' dir='ltr'><strong><em>aiiimi</em></strong></span> <span class='ocrx_word' id='word_1_106' title='bbox 973 1512 1174 1594; x_wconf 77' lang='lat' dir='ltr'><strong><em>magnitudine</em></strong></span> <span class='ocrx_word' id='word_1_107' title='bbox 1192 1513 1303 1571; x_wconf 84' lang='lat' dir='ltr'><strong><em>liuma-</em></strong></span> 
     </span>
     <span class='ocr_line' id='line_1_14' title="bbox 155 1612 1305 1696; baseline -0.003 -22"><span class='ocrx_word' id='word_1_108' title='bbox 155 1649 158 1658; x_wconf 95' lang='lat'>·</span> <span class='ocrx_word' id='word_1_109' title='bbox 221 1633 292 1674; x_wconf 87' lang='lat' dir='ltr'><strong><em>mim</em></strong></span> <span class='ocrx_word' id='word_1_110' title='bbox 296 1614 456 1694; x_wconf 80' lang='lat' dir='ltr'><strong><em>fastigium</em></strong></span> <span class='ocrx_word' id='word_1_111' title='bbox 474 1627 659 1691; x_wconf 77' lang='lat' dir='ltr'><strong><em>excesserat,</em></strong></span> <span class='ocrx_word' id='word_1_112' title='bbox 679 1615 806 1674; x_wconf 81' lang='lat' dir='ltr'><strong><em>similem</em></strong></span> <span class='ocrx_word' id='word_1_113' title='bbox 824 1634 884 1675; x_wconf 88' lang='lat' dir='ltr'><strong><em>non</em></strong></span> <span class='ocrx_word' id='word_1_114' title='bbox 895 1614 1094 1696; x_wconf 76' lang='lat' dir='ltr'><strong><em>proximum,</em></strong></span> <span class='ocrx_word' id='word_1_115' title='bbox 1117 1612 1150 1671; x_wconf 88' lang='lat' dir='ltr'><strong><em>in</em></strong></span> <span class='ocrx_word' id='word_1_116' title='bbox 1166 1612 1305 1695; x_wconf 81' lang='lat' dir='ltr'><strong><em>partibus</em></strong></span> 
     </span>
     <span class='ocr_line' id='line_1_15' title="bbox 221 1706 1303 1798; baseline -0.004 -26"><span class='ocrx_word' id='word_1_117' title='bbox 221 1712 400 1796; x_wconf 71' lang='lat' dir='ltr'><strong><em>reipublicae</em></strong></span> <span class='ocrx_word' id='word_1_118' title='bbox 426 1712 622 1792; x_wconf 70' lang='lat' dir='ltr'><strong><em>gubernandis</em></strong></span> <span class='ocrx_word' id='word_1_119' title='bbox 652 1727 825 1798; x_wconf 85' lang='lat' dir='ltr'><strong><em>quaereret,</em></strong></span> <span class='ocrx_word' id='word_1_120' title='bbox 860 1713 950 1786; x_wconf 87' lang='lat' dir='ltr'><strong><em>Tibi,</em></strong></span> <span class='ocrx_word' id='word_1_121' title='bbox 983 1706 1153 1772; x_wconf 82' lang='lat' dir='ltr'><strong><em>Cardi&#39;nalis</em></strong></span> <span class='ocrx_word' id='word_1_122' title='bbox 1169 1712 1303 1770; x_wconf 86' lang='lat' dir='ltr'><strong><em>eminen-</em></strong></span> 
     </span>
     <span class='ocr_line' id='line_1_16' title="bbox 221 1810 1305 1898; baseline -0.006 -26"><span class='ocrx_word' id='word_1_123' title='bbox 221 1813 352 1885; x_wconf 88' lang='lat' dir='ltr'><strong><em>tissime,</em></strong></span> <span class='ocrx_word' id='word_1_124' title='bbox 375 1833 516 1872; x_wconf 76' lang='lat' dir='ltr'><strong><em>sesamam</em></strong></span> <span class='ocrx_word' id='word_1_125' title='bbox 535 1833 634 1872; x_wconf 87' lang='lat' dir='ltr'><strong><em>rerum</em></strong></span> <span class='ocrx_word' id='word_1_126' title='bbox 651 1815 808 1896; x_wconf 82' lang='lat' dir='ltr'><strong><em>permisit:</em></strong></span> <span class='ocrx_word' id='word_1_127' title='bbox 840 1834 882 1874; x_wconf 80' lang='lat' dir='ltr'><strong><em>ex</em></strong></span> <span class='ocrx_word' id='word_1_128' title='bbox 900 1832 959 1898; x_wconf 74' lang='lat' dir='ltr'><strong><em>quo</em></strong></span> <span class='ocrx_word' id='word_1_129' title='bbox 977 1813 1056 1872; x_wconf 89' lang='lat' dir='ltr'><strong><em>enim</em></strong></span> <span class='ocrx_word' id='word_1_130' title='bbox 1068 1831 1168 1871; x_wconf 82' lang='lat' dir='ltr'><strong><em>curam</em></strong></span> <span class='ocrx_word' id='word_1_131' title='bbox 1183 1810 1305 1892; x_wconf 88' lang='lat' dir='ltr'><strong><em>imperii</em></strong></span> 
     </span>
     <span class='ocr_line' id='line_1_17' title="bbox 224 1908 1304 1995; baseline -0.006 -23"><span class='ocrx_word' id='word_1_132' title='bbox 224 1909 337 1972; x_wconf 83' lang='lat' dir='ltr'><strong><em>Gallici</em></strong></span> <span class='ocrx_word' id='word_1_133' title='bbox 355 1932 467 1971; x_wconf 90' lang='lat' dir='ltr'><strong><em>summa</em></strong></span> <span class='ocrx_word' id='word_1_134' title='bbox 482 1913 653 1995; x_wconf 77' lang='lat' dir='ltr'><strong><em>principiam</em></strong></span> <span class='ocrx_word' id='word_1_135' title='bbox 670 1914 854 1973; x_wconf 85' lang='lat' dir='ltr'><strong><em>consensione</em></strong></span> <span class='ocrx_word' id='word_1_136' title='bbox 871 1912 1046 1984; x_wconf 79' lang='lat' dir='ltr'><strong><em>sustiiuusti,</em></strong></span> <span class='ocrx_word' id='word_1_137' title='bbox 1064 1911 1171 1994; x_wconf 88' lang='lat' dir='ltr'><strong><em>palam</em></strong></span> <span class='ocrx_word' id='word_1_138' title='bbox 1178 1908 1304 1988; x_wconf 74' lang='lat' dir='ltr'><strong><em>fheaim</em></strong></span> 
     </span>
     <span class='ocr_line' id='line_1_18' title="bbox 219 2008 1346 2093; baseline -0.007 -20"><span class='ocrx_word' id='word_1_139' title='bbox 219 2022 286 2089; x_wconf 71' lang='lat' dir='ltr'><strong><em>est,v</em></strong></span> <span class='ocrx_word' id='word_1_140' title='bbox 303 2009 401 2071; x_wconf 92' lang='lat' dir='ltr'><strong><em>Deum</em></strong></span> <span class='ocrx_word' id='word_1_141' title='bbox 421 2011 560 2072; x_wconf 81' lang='lat' dir='ltr'><strong><em>bellomon</em></strong></span> <span class='ocrx_word' id='word_1_142' title='bbox 579 2032 642 2071; x_wconf 89' lang='lat' dir='ltr'><strong><em>rem</em></strong></span> <span class='ocrx_word' id='word_1_143' title='bbox 664 2012 814 2073; x_wconf 84' lang='lat' dir='ltr'><strong><em>Gallicam</em></strong></span> <span class='ocrx_word' id='word_1_144' title='bbox 833 2014 911 2073; x_wconf 86' lang='lat' dir='ltr'><strong><em>tueri</em></strong></span> <span class='ocrx_word' id='word_1_145' title='bbox 928 2033 964 2071; x_wconf 93' lang='lat' dir='ltr'><strong><em>ac</em></strong></span> <span class='ocrx_word' id='word_1_146' title='bbox 982 2032 1101 2093; x_wconf 82' lang='lat' dir='ltr'><strong><em>regere:</em></strong></span> <span class='ocrx_word' id='word_1_147' title='bbox 1122 2021 1151 2068; x_wconf 88' lang='lat' dir='ltr'><strong><em>et</em></strong></span> <span class='ocrx_word' id='word_1_148' title='bbox 1174 2008 1217 2066; x_wconf 92' lang='lat' dir='ltr'><strong><em>Te</em></strong></span> <span class='ocrx_word' id='word_1_149' title='bbox 1239 2029 1299 2066; x_wconf 88' lang='lat' dir='ltr'><strong><em>non</em></strong></span> <span class='ocrx_word' id='word_1_150' title='bbox 1342 2010 1346 2017; x_wconf 78' lang='grc'><em>’</em></span> 
     </span>
     <span class='ocr_line' id='line_1_19' title="bbox 220 2106 1303 2196; baseline -0.008 -23"><span class='ocrx_word' id='word_1_151' title='bbox 220 2110 307 2173; x_wconf 87' lang='lat' dir='ltr'><strong><em>modo</em></strong></span> <span class='ocrx_word' id='word_1_152' title='bbox 327 2111 366 2171; x_wconf 88' lang='lat' dir='ltr'><strong><em>de</em></strong></span> <span class='ocrx_word' id='word_1_153' title='bbox 385 2111 593 2196; x_wconf 80' lang='lat' dir='ltr'><strong><em>regnifinibiis</em></strong></span> <span class='ocrx_word' id='word_1_154' title='bbox 612 2113 762 2186; x_wconf 66' lang='lat' dir='ltr'><strong><em>numida,</em></strong></span> <span class='ocrx_word' id='word_1_155' title='bbox 784 2112 838 2173; x_wconf 92' lang='lat' dir='ltr'><strong><em>sed</em></strong></span> <span class='ocrx_word' id='word_1_156' title='bbox 854 2113 944 2171; x_wconf 85' lang='lat' dir='ltr'><strong><em>eti&#39;iim</em></strong></span> <span class='ocrx_word' id='word_1_157' title='bbox 958 2110 996 2171; x_wconf 90' lang='lat' dir='ltr'><strong><em>de</em></strong></span> <span class='ocrx_word' id='word_1_158' title='bbox 1012 2107 1191 2194; x_wconf 85' lang='lat' dir='ltr'><strong><em>proferendo</em></strong></span> <span class='ocrx_word' id='word_1_159' title='bbox 1208 2106 1303 2189; x_wconf 84' lang='lat' dir='ltr'><strong><em>plura</em></strong></span> 
     </span>
     <span class='ocr_line' id='line_1_20' title="bbox 219 2210 1302 2296; baseline -0.01 -22"><span class='ocrx_word' id='word_1_160' title='bbox 219 2225 273 2274; x_wconf 81' lang='lat' dir='ltr'><strong><em>aa</em></strong></span> <span class='ocrx_word' id='word_1_161' title='bbox 298 2213 415 2272; x_wconf 86' lang='lat' dir='ltr'><strong><em>maiora</em></strong></span> <span class='ocrx_word' id='word_1_162' title='bbox 444 2213 477 2272; x_wconf 78' lang='lat' dir='ltr'><strong><em>i&#39;ri</em></strong></span> <span class='ocrx_word' id='word_1_163' title='bbox 508 2210 574 2273; x_wconf 83' lang='lat' dir='ltr'><strong><em>dies</em></strong></span> <span class='ocrx_word' id='word_1_164' title='bbox 602 2211 760 2273; x_wconf 87' lang='lat' dir='ltr'><strong><em>destinare.</em></strong></span> <span class='ocrx_word' id='word_1_165' title='bbox 812 2211 876 2272; x_wconf 88' lang='lat' dir='ltr'><strong><em>Sed</em></strong></span> <span class='ocrx_word' id='word_1_166' title='bbox 900 2232 991 2296; x_wconf 88' lang='lat' dir='ltr'><strong><em>neque</em></strong></span> <span class='ocrx_word' id='word_1_167' title='bbox 1019 2211 1090 2269; x_wconf 88' lang='lat' dir='ltr'><strong><em>belli</em></strong></span> <span class='ocrx_word' id='word_1_168' title='bbox 1117 2229 1187 2268; x_wconf 80' lang='lat' dir='ltr'><strong><em>cuia</em></strong></span> <span class='ocrx_word' id='word_1_169' title='bbox 1220 2220 1302 2266; x_wconf 82' lang='lat' dir='ltr'><strong><em>term</em></strong></span> 
     </span>
     <span class='ocr_line' id='line_1_21' title="bbox 220 2306 1302 2395; baseline -0.006 -23"><span class='ocrx_word' id='word_1_170' title='bbox 220 2313 354 2395; x_wconf 54' lang='lat' dir='ltr'><strong><em>marique</em></strong></span> <span class='ocrx_word' id='word_1_171' title='bbox 373 2313 506 2379; x_wconf 82' lang='lat' dir='ltr'><strong><em>oninium</em></strong></span> <span class='ocrx_word' id='word_1_172' title='bbox 526 2314 666 2383; x_wconf 80' lang='lat' dir='ltr'><strong><em>i&#39;iivictian</em></strong></span> <span class='ocrx_word' id='word_1_173' title='bbox 694 2312 809 2386; x_wconf 90' lang='lat' dir='ltr'><strong><em>obruit,</em></strong></span> <span class='ocrx_word' id='word_1_174' title='bbox 843 2334 896 2372; x_wconf 89' lang='lat' dir='ltr'><strong><em>nec</em></strong></span> <span class='ocrx_word' id='word_1_175' title='bbox 925 2310 1145 2392; x_wconf 74' lang='lat' dir='ltr'><strong><em>cogitationibus</em></strong></span> <span class='ocrx_word' id='word_1_176' title='bbox 1175 2309 1232 2368; x_wconf 84' lang='lat' dir='ltr'><strong><em>tuis</em></strong></span> <span class='ocrx_word' id='word_1_177' title='bbox 1263 2306 1302 2366; x_wconf 89' lang='lat' dir='ltr'><strong><em>de</em></strong></span> 
     </span>
     <span class='ocr_line' id='line_1_22' title="bbox 222 2407 1302 2495; baseline -0.005 -26"><span class='ocrx_word' id='word_1_178' title='bbox 222 2409 327 2480; x_wconf 86' lang='lat' dir='ltr'><strong><em>litteris</em></strong></span> <span class='ocrx_word' id='word_1_179' title='bbox 343 2409 548 2492; x_wconf 79' lang='lat' dir='ltr'><strong><em>propagandis</em></strong></span> <span class='ocrx_word' id='word_1_180' title='bbox 568 2411 671 2470; x_wconf 90' lang='lat' dir='ltr'><strong><em>obstat.</em></strong></span> <span class='ocrx_word' id='word_1_181' title='bbox 714 2410 801 2480; x_wconf 81' lang='lat' dir='ltr'><strong><em>Haec</em></strong></span> <span class='ocrx_word' id='word_1_182' title='bbox 816 2414 902 2495; x_wconf 89' lang='lat' dir='ltr'><strong><em>pacis</em></strong></span> <span class='ocrx_word' id='word_1_183' title='bbox 921 2423 1094 2471; x_wconf 87' lang='lat' dir='ltr'><strong><em>ornamenta</em></strong></span> <span class='ocrx_word' id='word_1_184' title='bbox 1107 2407 1302 2468; x_wconf 74' lang='lat' dir='ltr'><strong><em>coluntetiarn</em></strong></span> 
     </span>
     <span class='ocr_line' id='line_1_23' title="bbox 220 2508 1301 2594; baseline -0.003 -26"><span class='ocrx_word' id='word_1_185' title='bbox 220 2511 275 2593; x_wconf 83' lang='lat' dir='ltr'><strong><em>qui</em></strong></span> <span class='ocrx_word' id='word_1_186' title='bbox 290 2529 321 2568; x_wconf 91' lang='lat' dir='ltr'><strong><em>se</em></strong></span> <span class='ocrx_word' id='word_1_187' title='bbox 335 2509 406 2568; x_wconf 88' lang='lat' dir='ltr'><strong><em>belli</em></strong></span> <span class='ocrx_word' id='word_1_188' title='bbox 414 2510 528 2590; x_wconf 82' lang='lat' dir='ltr'><strong><em>gloriae</em></strong></span> <span class='ocrx_word' id='word_1_189' title='bbox 540 2509 731 2571; x_wconf 85' lang='lat' dir='ltr'><strong><em>devoverunt.</em></strong></span> <span class='ocrx_word' id='word_1_190' title='bbox 775 2512 858 2571; x_wconf 88' lang='lat' dir='ltr'><strong><em>Licet</em></strong></span> <span class='ocrx_word' id='word_1_191' title='bbox 876 2514 954 2572; x_wconf 89' lang='lat' dir='ltr'><strong><em>enini</em></strong></span> <span class='ocrx_word' id='word_1_192' title='bbox 962 2513 1059 2592; x_wconf 81' lang='lat' dir='ltr'><strong><em>sarna</em></strong></span> <span class='ocrx_word' id='word_1_193' title='bbox 1074 2528 1221 2594; x_wconf 84' lang='lat' dir='ltr'><strong><em>prospera</em></strong></span> <span class='ocrx_word' id='word_1_194' title='bbox 1235 2508 1301 2566; x_wconf 81' lang='lat' dir='ltr'><strong><em>lau-</em></strong></span> 
     </span>
     <span class='ocr_line' id='line_1_24' title="bbox 219 2606 1300 2690; baseline -0.001 -22"><span class='ocrx_word' id='word_1_195' title='bbox 219 2607 305 2668; x_wconf 80' lang='lat' dir='ltr'><strong><em>dibus</em></strong></span> <span class='ocrx_word' id='word_1_196' title='bbox 323 2629 371 2667; x_wconf 89' lang='lat' dir='ltr'><strong><em>eos</em></strong></span> <span class='ocrx_word' id='word_1_197' title='bbox 394 2609 427 2666; x_wconf 90' lang='lat' dir='ltr'><strong><em>in</em></strong></span> <span class='ocrx_word' id='word_1_198' title='bbox 446 2608 557 2672; x_wconf 84' lang='lat' dir='ltr'><strong><em>coelum</em></strong></span> <span class='ocrx_word' id='word_1_199' title='bbox 576 2606 704 2689; x_wconf 73' lang='lat' dir='ltr'><strong><em>efferat,</em></strong></span> <span class='ocrx_word' id='word_1_200' title='bbox 725 2609 868 2670; x_wconf 87' lang='lat' dir='ltr'><strong><em>diuturna</em></strong></span> <span class='ocrx_word' id='word_1_201' title='bbox 895 2623 993 2669; x_wconf 77' lang='lat' dir='ltr'><strong><em>tanim</em></strong></span> <span class='ocrx_word' id='word_1_202' title='bbox 1021 2630 1080 2668; x_wconf 87' lang='lat' dir='ltr'><strong><em>esse</em></strong></span> <span class='ocrx_word' id='word_1_203' title='bbox 1106 2628 1165 2668; x_wconf 90' lang='lat' dir='ltr'><strong><em>non</em></strong></span> <span class='ocrx_word' id='word_1_204' title='bbox 1181 2618 1300 2690; x_wconf 85' lang='lat' dir='ltr'><strong><em>potest,</em></strong></span> 
     </span>
     <span class='ocr_line' id='line_1_25' title="bbox 219 2706 1304 2792; baseline -0.003 -24"><span class='ocrx_word' id='word_1_205' title='bbox 219 2708 280 2768; x_wconf 85' lang='lat' dir='ltr'><strong><em>uisi</em></strong></span> <span class='ocrx_word' id='word_1_206' title='bbox 296 2709 357 2767; x_wconf 86' lang='lat' dir='ltr'><strong><em>sint</em></strong></span> <span class='ocrx_word' id='word_1_207' title='bbox 374 2709 427 2791; x_wconf 83' lang='lat' dir='ltr'><strong><em>qui</em></strong></span> <span class='ocrx_word' id='word_1_208' title='bbox 446 2728 552 2769; x_wconf 87' lang='lat' dir='ltr'><strong><em>nomen</em></strong></span> <span class='ocrx_word' id='word_1_209' title='bbox 573 2729 673 2768; x_wconf 87' lang='lat' dir='ltr'><strong><em>eorum</em></strong></span> <span class='ocrx_word' id='word_1_210' title='bbox 684 2744 687 2762; x_wconf 53' lang='lat'>1</span> <span class='ocrx_word' id='word_1_211' title='bbox 689 2712 859 2792; x_wconf 82' lang='lat' dir='ltr'><strong><em>posteritati</em></strong></span> <span class='ocrx_word' id='word_1_212' title='bbox 874 2709 1098 2782; x_wconf 42' lang='lat' dir='ltr'><strong><em>commendent..</em></strong></span> <span class='ocrx_word' id='word_1_213' title='bbox 1128 2706 1211 2766; x_wconf 87' lang='lat' dir='ltr'><strong><em>Hinc</em></strong></span> <span class='ocrx_word' id='word_1_214' title='bbox 1222 2726 1304 2789; x_wconf 82' lang='lat' dir='ltr'><strong><em>spem</em></strong></span> 
     </span>
     <span class='ocr_line' id='line_1_26' title="bbox 220 2806 1303 2892; baseline -0.002 -25"><span class='ocrx_word' id='word_1_215' title='bbox 220 2808 410 2867; x_wconf 81' lang='lat' dir='ltr'><strong><em>certissimam</em></strong></span> <span class='ocrx_word' id='word_1_216' title='bbox 443 2821 635 2891; x_wconf 83' lang='lat' dir='ltr'><strong><em>conceperimt</em></strong></span> <span class='ocrx_word' id='word_1_217' title='bbox 659 2811 713 2892; x_wconf 87' lang='lat' dir='ltr'><strong><em>qui</em></strong></span> <span class='ocrx_word' id='word_1_218' title='bbox 741 2807 917 2892; x_wconf 79' lang='lat' dir='ltr'><strong><em>Principum</em></strong></span> <span class='ocrx_word' id='word_1_219' title='bbox 948 2808 1160 2888; x_wconf 73' lang='lat' dir='ltr'><strong><em>indulgentiam</em></strong></span> <span class='ocrx_word' id='word_1_220' title='bbox 1186 2806 1303 2886; x_wconf 79' lang='lat' dir='ltr'><strong><em>i&#39;iigeiu&#39;o</em></strong></span> 
     </span>
     <span class='ocr_line' id='line_1_27' title="bbox 221 2906 1303 2987; baseline -0.004 -19"><span class='ocrx_word' id='word_1_221' title='bbox 221 2919 384 2979; x_wconf 71' lang='lat' dir='ltr'><strong><em>meierum,</em></strong></span> <span class='ocrx_word' id='word_1_222' title='bbox 402 2907 445 2966; x_wconf 87' lang='lat' dir='ltr'><strong><em>Te</em></strong></span> <span class='ocrx_word' id='word_1_223' title='bbox 457 2907 628 2968; x_wconf 86' lang='lat' dir='ltr'><strong><em>Maecenate</em></strong></span> <span class='ocrx_word' id='word_1_224' title='bbox 645 2929 706 2968; x_wconf 88' lang='lat' dir='ltr'><strong><em>non</em></strong></span> <span class='ocrx_word' id='word_1_225' title='bbox 722 2907 873 2987; x_wconf 70' lang='lat' dir='ltr'><strong><em>disutiaos</em></strong></span> <span class='ocrx_word' id='word_1_226' title='bbox 893 2911 1024 2968; x_wconf 78' lang='lat' dir='ltr'><strong><em>eximiae</em></strong></span> <span class='ocrx_word' id='word_1_227' title='bbox 1045 2907 1196 2968; x_wconf 87' lang='lat' dir='ltr'><strong><em>doctrinae</em></strong></span> <span class='ocrx_word' id='word_1_228' title='bbox 1206 2906 1303 2974; x_wconf 82' lang='lat' dir='ltr'><strong><em>viros,</em></strong></span> 
     </span>
     <span class='ocr_line' id='line_1_28' title="bbox 221 3003 1307 3092; baseline -0.005 -26"><span class='ocrx_word' id='word_1_229' title='bbox 221 3024 345 3090; x_wconf 86' lang='lat' dir='ltr'><strong><em>quorum</em></strong></span> <span class='ocrx_word' id='word_1_230' title='bbox 368 3005 463 3066; x_wconf 78' lang='lat' dir='ltr'><strong><em>studio</em></strong></span> <span class='ocrx_word' id='word_1_231' title='bbox 492 3027 551 3066; x_wconf 90' lang='lat' dir='ltr'><strong><em>non</em></strong></span> <span class='ocrx_word' id='word_1_232' title='bbox 581 3021 706 3068; x_wconf 84' lang='lat' dir='ltr'><strong><em>senescet</em></strong></span> <span class='ocrx_word' id='word_1_233' title='bbox 732 3008 878 3069; x_wconf 88' lang='lat' dir='ltr'><strong><em>elari&#39;tudo</em></strong></span> <span class='ocrx_word' id='word_1_234' title='bbox 908 3029 1029 3092; x_wconf 85' lang='lat' dir='ltr'><strong><em>operum</em></strong></span> <span class='ocrx_word' id='word_1_235' title='bbox 1059 3020 1186 3067; x_wconf 85' lang='lat' dir='ltr'><strong><em>tuorum.</em></strong></span> <span class='ocrx_word' id='word_1_236' title='bbox 1218 3003 1307 3064; x_wconf 84' lang='lat' dir='ltr'><strong><em>¹Esse</em></strong></span> 
     </span>
     <span class='ocr_line' id='line_1_29' title="bbox 215 3105 1308 3192; baseline -0.002 -27"><span class='ocrx_word' id='word_1_237' title='bbox 215 3118 318 3176; x_wconf 77' lang='lat' dir='ltr'><strong><em>vautem</em></strong></span> <span class='ocrx_word' id='word_1_238' title='bbox 337 3106 438 3188; x_wconf 85' lang='lat' dir='ltr'><strong><em>plures</em></strong></span> <span class='ocrx_word' id='word_1_239' title='bbox 461 3106 580 3190; x_wconf 89' lang='lat' dir='ltr'><strong><em>publice</em></strong></span> <span class='ocrx_word' id='word_1_240' title='bbox 603 3128 717 3192; x_wconf 81' lang='lat' dir='ltr'><strong><em>quoque</em></strong></span> <span class='ocrx_word' id='word_1_241' title='bbox 736 3110 871 3168; x_wconf 80' lang='lat' dir='ltr'><strong><em>interest:</em></strong></span> <span class='ocrx_word' id='word_1_242' title='bbox 896 3131 948 3168; x_wconf 85' lang='lat' dir='ltr'><strong><em>nec</em></strong></span> <span class='ocrx_word' id='word_1_243' title='bbox 970 3110 1047 3168; x_wconf 90' lang='lat' dir='ltr'><strong><em>enim</em></strong></span> <span class='ocrx_word' id='word_1_244' title='bbox 1070 3105 1226 3168; x_wconf 80' lang='lat' dir='ltr'><strong><em>virtutibus</em></strong></span> <span class='ocrx_word' id='word_1_245' title='bbox 1250 3105 1308 3163; x_wconf 71' lang='lat' dir='ltr'><strong><em>titis</em></strong></span> 
     </span>
     <span class='ocr_line' id='line_1_30' title="bbox 220 3203 1305 3291; baseline 0 -27"><span class='ocrx_word' id='word_1_246' title='bbox 220 3205 397 3265; x_wconf 82' lang='lat' dir='ltr'><strong><em>enarrandis</em></strong></span> <span class='ocrx_word' id='word_1_247' title='bbox 421 3208 482 3265; x_wconf 90' lang='lat' dir='ltr'><strong><em>nisi</em></strong></span> <span class='ocrx_word' id='word_1_248' title='bbox 498 3206 601 3289; x_wconf 83' lang='lat' dir='ltr'><strong><em>plnres</em></strong></span> <span class='ocrx_word' id='word_1_249' title='bbox 614 3205 792 3288; x_wconf 74' lang='lat' dir='ltr'><strong><em>affecerint.</em></strong></span> <span class='ocrx_word' id='word_1_250' title='bbox 835 3207 981 3291; x_wconf 83' lang='lat' dir='ltr'><strong><em>Equidem</em></strong></span> <span class='ocrx_word' id='word_1_251' title='bbox 1000 3209 1054 3267; x_wconf 85' lang='lat' dir='ltr'><strong><em>lioc</em></strong></span> <span class='ocrx_word' id='word_1_252' title='bbox 1075 3225 1164 3266; x_wconf 84' lang='lat' dir='ltr'><strong><em>iuiiim</em></strong></span> <span class='ocrx_word' id='word_1_253' title='bbox 1185 3203 1305 3274; x_wconf 86' lang='lat' dir='ltr'><strong><em>dicam,</em></strong></span> 
     </span>
     <span class='ocr_line' id='line_1_31' title="bbox 221 3303 1307 3390; baseline -0.003 -27"><span class='ocrx_word' id='word_1_254' title='bbox 221 3303 478 3365; x_wconf 87' lang='lat' dir='ltr'><strong><em>millumliaetemis</em></strong></span> <span class='ocrx_word' id='word_1_255' title='bbox 498 3308 610 3367; x_wconf 86' lang='lat' dir='ltr'><strong><em>maiore</em></strong></span> <span class='ocrx_word' id='word_1_256' title='bbox 627 3307 713 3389; x_wconf 83' lang='lat' dir='ltr'><strong><em>fide,</em></strong></span> <span class='ocrx_word' id='word_1_257' title='bbox 739 3309 902 3367; x_wconf 88' lang='lat' dir='ltr'><strong><em>constantia</em></strong></span> <span class='ocrx_word' id='word_1_258' title='bbox 926 3320 954 3366; x_wconf 88' lang='lat' dir='ltr'><strong><em>et</em></strong></span> <span class='ocrx_word' id='word_1_259' title='bbox 968 3306 1130 3390; x_wconf 86' lang='lat' dir='ltr'><strong><em>prudentia</em></strong></span> <span class='ocrx_word' id='word_1_260' title='bbox 1147 3304 1235 3384; x_wconf 76' lang='lat' dir='ltr'><strong><em>regni</em></strong></span> <span class='ocrx_word' id='word_1_261' title='bbox 1248 3304 1307 3360; x_wconf 92' lang='lat' dir='ltr'><strong><em>mi·</em></strong></span> 
     </span>
     <span class='ocr_line' id='line_1_32' title="bbox 221 3403 1309 3489; baseline -0.001 -28"><span class='ocrx_word' id='word_1_262' title='bbox 221 3403 343 3462; x_wconf 82' lang='lat' dir='ltr'><strong><em>nistium</em></strong></span> <span class='ocrx_word' id='word_1_263' title='bbox 374 3407 489 3484; x_wconf 79' lang='lat' dir='ltr'><strong><em>egisse3</em></strong></span> <span class='ocrx_word' id='word_1_264' title='bbox 518 3419 550 3465; x_wconf 87' lang='lat' dir='ltr'><strong><em>ut</em></strong></span> <span class='ocrx_word' id='word_1_265' title='bbox 572 3427 670 3466; x_wconf 74' lang='lat' dir='ltr'><strong><em>anates</em></strong></span> <span class='ocrx_word' id='word_1_266' title='bbox 695 3409 793 3488; x_wconf 78' lang='lat' dir='ltr'><strong><em>gloria</em></strong></span> <span class='ocrx_word' id='word_1_267' title='bbox 812 3408 864 3466; x_wconf 87' lang='lat' dir='ltr'><strong><em>vel</em></strong></span> <span class='ocrx_word' id='word_1_268' title='bbox 885 3427 1039 3489; x_wconf 78' lang='lat' dir='ltr'><strong><em>neqiiasse,</em></strong></span> <span class='ocrx_word' id='word_1_269' title='bbox 1070 3406 1121 3464; x_wconf 83' lang='lat' dir='ltr'><strong><em>vel</em></strong></span> <span class='ocrx_word' id='word_1_270' title='bbox 1148 3404 1309 3463; x_wconf 72' lang='lat' dir='ltr'><strong><em>excessisse</em></strong></span> 
     </span>
     <span class='ocr_line' id='line_1_33' title="bbox 221 3502 1311 3590; baseline 0 -29"><span class='ocrx_word' id='word_1_271' title='bbox 221 3502 374 3562; x_wconf 75' lang='lat' dir='ltr'><strong><em>videaris:</em></strong></span> <span class='ocrx_word' id='word_1_272' title='bbox 394 3517 422 3563; x_wconf 88' lang='lat' dir='ltr'><strong><em>et</em></strong></span> <span class='ocrx_word' id='word_1_273' title='bbox 446 3518 478 3564; x_wconf 87' lang='lat' dir='ltr'><strong><em>ut</em></strong></span> <span class='ocrx_word' id='word_1_274' title='bbox 496 3506 636 3589; x_wconf 88' lang='lat' dir='ltr'><strong><em>epistolae</em></strong></span> <span class='ocrx_word' id='word_1_275' title='bbox 657 3507 861 3590; x_wconf 86' lang='lat' dir='ltr'><strong><em>compendium</em></strong></span> <span class='ocrx_word' id='word_1_276' title='bbox 873 3508 1013 3586; x_wconf 75' lang='lat' dir='ltr'><strong><em>simiam,</em></strong></span> <span class='ocrx_word' id='word_1_277' title='bbox 1039 3516 1146 3565; x_wconf 87' lang='lat' dir='ltr'><strong><em>natura</em></strong></span> <span class='ocrx_word' id='word_1_278' title='bbox 1168 3502 1246 3585; x_wconf 74' lang='lat' dir='ltr'><strong><em>quid</em></strong></span> <span class='ocrx_word' id='word_1_279' title='bbox 1261 3504 1311 3579; x_wconf 61' lang='lat' dir='ltr'><strong><em>iff-</em></strong></span> 
     </span>
     <span class='ocr_line' id='line_1_34' title="bbox 208 3601 1308 3689; baseline -0.001 -26"><span class='ocrx_word' id='word_1_280' title='bbox 208 3601 311 3684; x_wconf 79' lang='lat' dir='ltr'><strong><em>ficere</em></strong></span> <span class='ocrx_word' id='word_1_281' title='bbox 324 3618 423 3686; x_wconf 86' lang='lat' dir='ltr'><strong><em>posset</em></strong></span> <span class='ocrx_word' id='word_1_282' title='bbox 437 3607 573 3687; x_wconf 76' lang='lat' dir='ltr'><strong><em>experiri</em></strong></span> <span class='ocrx_word' id='word_1_283' title='bbox 586 3609 721 3689; x_wconf 89' lang='lat' dir='ltr'><strong><em>cupiens,</em></strong></span> <span class='ocrx_word' id='word_1_284' title='bbox 738 3609 771 3666; x_wconf 86' lang='lat' dir='ltr'><strong><em>in</em></strong></span> <span class='ocrx_word' id='word_1_285' title='bbox 790 3607 853 3679; x_wconf 90' lang='lat' dir='ltr'><strong><em>Te,</em></strong></span> <span class='ocrx_word' id='word_1_286' title='bbox 881 3606 1052 3666; x_wconf 73' lang='lat' dir='ltr'><strong><em>Girdiiialis</em></strong></span> <span class='ocrx_word' id='word_1_287' title='bbox 1069 3603 1308 3675; x_wconf 84' lang='lat' dir='ltr'><strong><em>eniirientissime,</em></strong></span> 
     </span>
     <span class='ocr_line' id='line_1_35' title="bbox 219 3703 1308 3790; baseline 0 -29"><span class='ocrx_word' id='word_1_288' title='bbox 219 3703 334 3787; x_wconf 73' lang='lat' dir='ltr'><strong><em>gloriae</em></strong></span> <span class='ocrx_word' id='word_1_289' title='bbox 351 3708 531 3777; x_wconf 88' lang='lat' dir='ltr'><strong><em>materiam,</em></strong></span> <span class='ocrx_word' id='word_1_290' title='bbox 553 3727 642 3790; x_wconf 87' lang='lat' dir='ltr'><strong><em>quam</em></strong></span> <span class='ocrx_word' id='word_1_291' title='bbox 671 3708 845 3790; x_wconf 78' lang='lat' dir='ltr'><strong><em>quaerebat,</em></strong></span> <span class='ocrx_word' id='word_1_292' title='bbox 874 3708 996 3766; x_wconf 79' lang='lat' dir='ltr'><strong><em>inveui‘t.</em></strong></span> <span class='ocrx_word' id='word_1_293' title='bbox 1038 3703 1135 3764; x_wconf 87' lang='lat' dir='ltr'><strong><em>Deum</em></strong></span> <span class='ocrx_word' id='word_1_294' title='bbox 1156 3724 1308 3775; x_wconf 80' lang='lat' dir='ltr'><strong><em>veneror,</em></strong></span> 
     </span>
     <span class='ocr_line' id='line_1_36' title="bbox 209 3802 1311 3888; baseline 0.004 -28"><span class='ocrx_word' id='word_1_295' title='bbox 209 3815 415 3886; x_wconf 55' lang='lat' dir='ltr'><strong><em>inprospere*</em></strong></span> <span class='ocrx_word' id='word_1_296' title='bbox 429 3825 543 3886; x_wconf 89' lang='lat' dir='ltr'><strong><em>semper</em></strong></span> <span class='ocrx_word' id='word_1_297' title='bbox 562 3827 608 3866; x_wconf 90' lang='lat' dir='ltr'><strong><em>res</em></strong></span> <span class='ocrx_word' id='word_1_298' title='bbox 632 3807 701 3865; x_wconf 87' lang='lat' dir='ltr'><strong><em>Tibi</em></strong></span> <span class='ocrx_word' id='word_1_299' title='bbox 721 3806 844 3882; x_wconf 85' lang='lat' dir='ltr'><strong><em>cedant,</em></strong></span> <span class='ocrx_word' id='word_1_300' title='bbox 876 3827 1028 3888; x_wconf 84' lang='lat' dir='ltr'><strong><em>seramque</em></strong></span> <span class='ocrx_word' id='word_1_301' title='bbox 1053 3802 1311 3864; x_wconf 71' lang='lat' dir='ltr'><strong><em>inmortalitatem</em></strong></span> 
     </span>
     <span class='ocr_line' id='line_1_37' title="bbox 208 3888 1310 3989; baseline 0.005 -31"><span class='ocrx_word' id='word_1_302' title='bbox 208 3919 344 3989; x_wconf 81' lang='lat' dir='ltr'><strong><em>precor,</em></strong></span> <span class='ocrx_word' id='word_1_303' title='bbox 376 3914 408 3961; x_wconf 91' lang='lat' dir='ltr'><strong><em>ut</em></strong></span> <span class='ocrx_word' id='word_1_304' title='bbox 427 3915 487 3962; x_wconf 86' lang='lat' dir='ltr'><strong><em>tain</em></strong></span> <span class='ocrx_word' id='word_1_305' title='bbox 502 3905 617 3982; x_wconf 65' lang='lat' dir='ltr'><strong><em>filiu,</em></strong></span> <span class='ocrx_word' id='word_1_306' title='bbox 642 3927 732 3988; x_wconf 79' lang='lat' dir='ltr'><strong><em>qiuari</em></strong></span> <span class='ocrx_word' id='word_1_307' title='bbox 764 3905 907 3967; x_wconf 86' lang='lat' dir='ltr'><strong><em>diuturna</em></strong></span> <span class='ocrx_word' id='word_1_308' title='bbox 928 3907 992 3965; x_wconf 85' lang='lat' dir='ltr'><strong><em>vita</em></strong></span> <span class='ocrx_word' id='word_1_309' title='bbox 1013 3906 1071 3978; x_wconf 86' lang='lat' dir='ltr'><strong><em>sit,·</em></strong></span> <span class='ocrx_word' id='word_1_310' title='bbox 1095 3924 1193 3987; x_wconf 31' lang='lat' dir='ltr'><strong><em>quam·</em></strong></span> <span class='ocrx_word' id='word_1_311' title='bbox 1208 3905 1237 3965; x_wconf 83' lang='lat' dir='ltr'><strong><em>si</em></strong></span> <span class='ocrx_word' id='word_1_312' title='bbox 1266 3888 1310 3964; x_wconf 62' lang='lat' dir='ltr'><strong><em>ea</em></strong></span> 
     </span>
     <span class='ocr_line' id='line_1_38' title="bbox 219 3984 1310 4089; baseline 0.002 -32"><span class='ocrx_word' id='word_1_313' title='bbox 219 3998 360 4077; x_wconf 81' lang='lat' dir='ltr'><strong><em>bonorum</em></strong></span> <span class='ocrx_word' id='word_1_314' title='bbox 379 4005 507 4087; x_wconf 72' lang='lat' dir='ltr'><strong><em>oniniiun</em></strong></span> <span class='ocrx_word' id='word_1_315' title='bbox 517 4006 669 4087; x_wconf 61' lang='lat' dir='ltr'><strong><em>natatili</em></strong></span> <span class='ocrx_word' id='word_1_316' title='bbox 679 4005 762 4086; x_wconf 86' lang='lat' dir='ltr'><strong><em>Deus</em></strong></span> <span class='ocrx_word' id='word_1_317' title='bbox 779 4006 954 4080; x_wconf 84' lang='lat' dir='ltr'><strong><em>indulserit,</em></strong></span> <span class='ocrx_word' id='word_1_318' title='bbox 973 4025 1078 4089; x_wconf 88' lang='lat' dir='ltr'><strong><em>pacem</em></strong></span> <span class='ocrx_word' id='word_1_319' title='bbox 1087 4048 1098 4078; x_wconf 90' lang='lat'><strong><em>,</em></strong></span> <span class='ocrx_word' id='word_1_320' title='bbox 1111 4023 1215 4086; x_wconf 62' lang='lat' dir='ltr'><strong><em>„quani</em></strong></span> <span class='ocrx_word' id='word_1_321' title='bbox 1230 3984 1310 4084; x_wconf 77' lang='lat' dir='ltr'><strong><em>per·</em></strong></span> 
     </span>
     <span class='ocr_line' id='line_1_39' title="bbox 203 4096 1310 4193; baseline -0.002 -29"><span class='ocrx_word' id='word_1_322' title='bbox 203 4098 308 4183; x_wconf 59' lang='lat' dir='ltr'><strong><em>ti‘uar</em></strong></span> <span class='ocrx_word' id='word_1_323' title='bbox 330 4096 430 4193; x_wconf 76' lang='lat' dir='ltr'><strong><em>odium</em></strong></span> <span class='ocrx_word' id='word_1_324' title='bbox 445 4104 478 4164; x_wconf 90' lang='lat' dir='ltr'><strong><em>in</em></strong></span> <span class='ocrx_word' id='word_1_325' title='bbox 498 4103 604 4192; x_wconf 73' lang='lat' dir='ltr'><strong><em>Gallos</em></strong></span> <span class='ocrx_word' id='word_1_326' title='bbox 626 4119 771 4187; x_wconf 72' lang='lat' dir='ltr'><strong><em>moratur,</em></strong></span> <span class='ocrx_word' id='word_1_327' title='bbox 785 4107 846 4187; x_wconf 55' lang='lat' dir='ltr'><strong><em>‚vel</em></strong></span> <span class='ocrx_word' id='word_1_328' title='bbox 869 4107 985 4188; x_wconf 78' lang='lat' dir='ltr'><strong><em>optimis</em></strong></span> <span class='ocrx_word' id='word_1_329' title='bbox 1015 4101 1228 4185; x_wconf 76' lang='lat' dir='ltr'><strong><em>conditionibus</em></strong></span> <span class='ocrx_word' id='word_1_330' title='bbox 1246 4123 1310 4186; x_wconf 85' lang='lat' dir='ltr'><strong><em>pa·</em></strong></span> 
     </span>
    </p>
   </div>
   <div class='ocr_carea' id='block_1_4' title="bbox 0 0 1362 5078">
    <p class='ocr_par' dir='ltr' id='par_1_4' title="bbox 0 0 1362 5078">
     <span class='ocr_line' id='line_1_40' title="bbox 0 0 1362 5078; baseline 0 0"><span class='ocrx_word' id='word_1_331' title='bbox 0 0 1362 5078; x_wconf 95' lang='lat' dir='ltr'><strong><em> </em></strong></span> 
     </span>
    </p>
   </div>
  </div>
 </body>
</html>
