2744 5182
122 324 124 328 ,
242 249 326 338 536
433 274 1034 370 mensurnam-roras
1119 300 1121 307 =

240 435 288 498 bri
308 435 411 496 farore
430 434 561 515 puelia,
583 431 780 492 Saturninum
854 433 935 492 tinus
953 430 1127 493 obnuncari
1150 430 1241 493 iussit
1260 452 1319 493 aa·

238 539 280 579 no
299 515 414 580 Natalis
433 515 584 576 Dominici
605 513 687 594 444,
704 514 753 575 Ta
810 515 874 575 osio
901 513 947 581 18.
977 525 1007 576 et
1025 514 1137 575 Albino
1157 513 1254 590 Cosa,
1282 523 1320 575 nt

238 601 343 675 scribit
364 597 557 660 Marcellinus
579 598 610 656 in
634 597 795 658 Chronico.
840 597 994 659 Cedrenns
1014 619 1106 679 snpra
1124 596 1235 658 dictita
1248 597 1319 658 Cle-
1362 678 1364 681 Ι

238 686 317 744 ricus
340 681 479 743 adulterii
499 681 669 761 suspicione
688 689 842 740 contactos
863 680 952 741 luisse
974 681 1090 762 prodit.-
1361 689 1364 709 ¹

320 766 397 846 Peg.
423 763 474 846 69.
488 763 523 822 Β.
544 763 634 848 pos,
665 759 727 845 aa]
758 757 872 842 Ζήνων
891 759 1043 834 ὑπατικός
1064 753 1156 842 ἀνήρ.
1184 761 1315 824 Flavius

238 848 321 908 Zeno
362 848 422 927 (sic
449 846 529 906 enim
562 855 693 907 vocatur¹
714 847 750 906 in
777 844 864 905 Antis
887 845 1013 905 Concilii
1041 844 1318 924 Chalcedonensis)

238 930 353 998 Consul
373 930 430 990 fuit
449 927 666 1001 annullatalis
685 928 836 988 Dominici
848 926 919 1007 448.
932 928 1040 989 -Huius
1065 931 1125 990 viri
1150 932 1320 1012 potentiam

239 1013 310 1075 satis
329 1013 480 1094 superque
500 1010 654 1072 declarant
674 1030 726 1071 ea:
762 1032 840 1092 quae
859 1010 980 1072 subiicit
1000 1009 1217 1096 Priscnslenm
1237 1010 1318 1073 scili-

238 1107 286 1157 cet
306 1095 499 1177 Imperatoris
519 1093 666 1154 voluntati
688 1111 785 1153 unum
806 1097 965 1169 restitim,
996 1115 1066 1156 cum
1079 1115 1208 1177 magnas
1231 1096 1316 1155 lsaa·

238 1199 344 1240 rorum
363 1180 463 1260 copias
483 1178 564 1238 circa
582 1197 614 1237 se
645 1175 770 1238 haberet
797 1177 836 1237 ad
865 1177 950 1238 urbis
977 1176 1039 1274 GP
1068 1177 1260 1274 custodiam:
1287 1187 1317 1241 et

229 1261 1053 1424 ·144434ὲέ.ἱζξῖ“ῐ.ἳὲῒέῗιΐ.ΐὲ4ἑ“ἳὶὲῖ.
1073 1260 1317 1425 wei?

50 1415 53 1428 ⁸
134 1447 136 1449 ’
237 1426 349 1503 firisse,
390 1448 429 1487 ne
460 1425 535 1487 sorte
565 1427 648 1486 Zeno
678 1425 868 1507 tyrannidem
898 1424 1063 1487 invaderet.
1116 1426 1175 1486 Hic
1213 1437 1316 1509 postea

236 1509 382 1570 Marciani
392 1509 520 1590 Augusti
533 1507 718 1588 temporibus
734 1509 845 1568 interiit
859 1519 1011 1590 suspectus
1031 1529 1133 1569 rernm
1154 1531 1313 1570 novamm.

130 1605 131 1608 ’
236 1589 286 1652 Sic
308 1591 387 1651 enim
410 1591 553 1652 Iordanes
574 1591 612 1651 de
632 1592 817 1651 successione
836 1610 996 1673 regnorum
1017 1593 1120 1653 scribit
1146 1592 1189 1653 (le
1205 1595 1316 1653 Marci-

236 1692 316 1734 ano:
362 1672 535 1759 Olitnmqae
556 1673 684 1749 Attilae,
720 1687 750 1733 et
768 1674 898 1735 Zenonis
918 1674 1020 1734 Isauri
1040 1677 1208 1751 interitura,
1236 1689 1315 1736 mra-

235 1777 325 1838 quam
351 1768 533 1832 moreretur,
549 1758 639 1836 selis:
667 1759 817 1839 comperit.
869 1759 1047 1817 Damascius
1068 1761 1100 1818 in
1121 1758 1232 1818 lsidori
1255 1760 1314 1818 vita

235 1838 351 1915 scribit,
372 1837 454 1899 hunc
472 1840 625 1905 Zenonem
648 1837 796 1899 idolorum
817 1838 932 1901 cultura
952 1843 1120 1918 restituere,
1135 1852 1167 1900 et
1187 1841 1315 1901 Christi-

156 1984 161 1994 ,
235 1939 363 1981 anorum
383 1921 557 2003 religionem
578 1920 699 1982 abolere
718 1920 860 1996 voluisse,
882 1922 936 1983 sed
954 1920 1087 1983 violente
1107 1934 1209 1984 morte
1228 1925 1314 1984 saissa

234 2004 454 2085 praepeditum.
476 2004 555 2066 Nam
574 2026 610 2065 ex
630 2025 708 2085 equo
729 2003 842 2086 lapsus,
863 2027 951 2067 crure
972 2005 1138 2083 confracto,
1159 2027 1224 2067 non
1244 2006 1314 2067 mul-

165 2137 167 2140 ,
190 2115 194 2127 ·
234 2096 266 2146 to
286 2099 354 2168 post
372 2088 544 2168 exspiravit.
588 2088 629 2147 Et
649 2088 826 2149 Damascius
848 2088 980 2171 quidem-
995 2109 1064 2149 eum
1087 2110 1233 2171 magnum
1242 2090 1313 2150 Ori-

138 2169 347 2245 epoaentalis
366 2169 490 2230 militiae
510 2171 687 2252 Magistrum
708 2169 857 2251 appellat,
879 2167 896 2230 ὅ
921 2171 1019 2250 μέμς
1040 2173 1095 2251 τῆς
1114 2170 1157 2233 ἕω
1181 2193 1312 2251 στρατη·

232 2243 337 2332 λα’της.
379 2253 457 2314 Sunt
478 2253 516 2314 ad
545 2254 627 2314 hunc
647 2255 801 2314 Zenonem
822 2256 1000 2335 Magistrum
1029 2255 1160 2314 militum
1180 2266 1213 2316 et
1234 2256 1312 2315 Con-

232 2334 328 2395 sulem
350 2333 429 2396 date
448 2336 632 2400 Theodoreti
654 2335 813 2417 epistolae,
834 2338 944 2420 quibus
964 2336 1051 2398 illum
1071 2337 1210 2411 nondum
1232 2353 1314 2398 sacro

231 2415 410 2497 baptismate
430 2418 580 2492 initiatum
601 2418 690 2479 fnisse
710 2429 847 2481 testatur.
891 2421 1032 2481 Ceterum
1060 2441 1095 2480 ex
1125 2421 1186 2480 lroc
1219 2420 1313 2482 Prisci

231 2496 299 2558 loco
320 2499 475 2560 manifeste
494 2505 640 2583 sequitur,
660 2501 739 2568 hanc
750 2504 905 2564 Maximini
924 2504 964 2564 ad
972 2501 1099 2564 Attilam
1119 2502 1311 2583 legatirmem,

104 2600 106 2602 ’
232 2602 310 2663 quae
330 2581 380 2642 hic
400 2581 552 2646 luculente
574 2583 775 2661 describitur,
812 2588 971 2668 contigisse
984 2588 1108 2647 Zenone
1132 2597 1162 2646 et
1181 2586 1312 2647 Postha-

230 2665 443 2743 mianoCoss.,
464 2665 522 2726 sub
542 2671 655 2727 exitum
674 2671 758 2742 anni,
780 2670 862 2751 quod
882 2671 1059 2729 confirmare
1079 2671 1172 2729 Mam
1193 2672 1313 2730 vMetur

231 2745 424 2809 Marcellinus
447 2752 479 2815 in
505 2750 666 2812 Chronico.
711 2754 800 2813 Certe
820 2752 942 2812 Priscus
961 2774 993 2833 p.
1019 2774 1070 2836 7⁰·
1094 2753 1132 2812 C.
1153 2752 1196 2812 de
1217 2753 1311 2813 Areo·

229 2827 322 2891 bludo
342 2841 486 2914 tanquam
507 2832 605 2895 adhuc
626 2835 748 2896 vivente
767 2834 924 2916 loquitur,
954 2836 1007 2918 qui
1033 2839 1172 2918 sequenti
1194 2836 1310 2897 Consu-

229 2909 293 2976 latu
313 2913 409 2989 obiit,
432 2926 508 2977 teste
527 2917 633 2979 eodem
659 2916 845 2979 Marcellino.

311 2997 386 3078 Pag.
411 2999 514 3080 μῦ.
541 2999 637 3082 [ara,
663 2999 728 3087 αα]
749 3001 824 3061 Post
844 2999 918 3062 haec
938 3000 1057 3080 rerba,
1080 2997 1197 3083 ὅςτὴν
1220 3005 1311 3065 Ker-

228 3075 409 3153 mamitos,
432 3081 572 3149 collocari
591 3083 702 3144 debent
725 3105 773 3160 ea,
804 3105 882 3165 quae
901 3083 993 3146 habes
1012 3105 1081 3167 pag.
1106 3082 1159 3170 59.
1174 3085 1238 3149 A.:
1262 3079 1310 3146 ὅτι

229 3160 441 3241 φωραθέντα,
463 3175 497 3224 ut
517 3168 588 3225 satis
608 3167 800 3228 manifestum
819 3178 875 3228 est.
1130 3171 1132 3176 ⁴

309 3242 424 3324 Legae:
461 3244 581 3327 ἐδήχθη
604 3268 638 3309 ss
671 3246 880 3329 ὅθεόδωρος
904 3243 960 3310 τὸν
980 3243 1110 3327 θυμὸν,
1145 3252 1200 3330 39.
1222 3251 1309 3312 (Lu

168 3326 171 3333 ’
225 3323 386 3404 posthaec
407 3330 489 3410 sequi
511 3330 643 3407 debent,
679 3324 729 3394 riu
754 3327 809 3391 ὑπ’
831 3323 1044 3417 ἀμφοτέρων,
1066 3352 1146 3416 quae
1167 3320 1309 3418 leguntur

227 3407 339 3492 μῦ..
361 3420 396 3470 ut
416 3410 483 3471 luce
504 3413 568 3493 ipsa
589 3413 699 3476 clarius
720 3425 774 3477 eet.
1302 3450 1305 3456 ·

307 3490 641 3588 Pag.7r.C.[ar3,a.]
663 3491 840 3570 Ἀνατόλιον
855 3496 919 3558 scir
937 3492 1026 3577 α’μφί
1043 3496 1183 3572 βασιλέα
1194 3488 1307 3578 ἅρχω-

224 3592 266 3631 τα
283 3575 390 3635 talcar.
431 3575 514 3637 Male
533 3577 730 3641 Cantoclarus
749 3581 852 3656 vertit,
866 3581 1013 3660 regionem
1030 3580 1205 3641 ιήὺιιτονιωι
1222 3604 1308 3666 pree

210 3655 340 3736 fection.
392 3642 459 3741 Ego
480 3661 657 3741 Magistrum
696 3663 822 3723 miletum
854 3662 1069 3746 pmesentalem
1109 3662 1303 3746 interpretor.

223 3736 337 3798 Fuerat
369 3741 419 3800 hic
452 3743 612 3806 Anatolius
643 3758 732 3806 antea
762 3747 906 3827 Magister
922 3744 1066 3804 militum
1087 3745 1247 3824 Orientis,
1273 3758 1306 3808 nt

223 3828 349 3881 testatur
364 3824 574 3888 Theodoretus
594 3831 626 3888 in
650 3833 738 3910 epist.
760 3827 813 3906 45.
836 3838 866 3887 et
882 3826 1078 3889 Marcellinus
1092 3828 1133 3888 in
1143 3830 1303 3891 Chronico.

223 3903 293 3980 Quo
312 3918 450 3970 revocato
466 3920 500 3968 ut
519 3913 704 3990 praesentale
725 3912 930 3992 Magisterium
950 3912 1098 3992 acciperet
1115 3914 1304 3987 ,Zenolsan-

222 4005 275 4047 rus
294 3990 325 4046 ur
347 3991 411 4067 eius
431 3992 531 4052 locum
550 3995 642 4055 subto
679 4007 727 4056 tus
747 4007 805 4065 est,
828 4003 863 4053 ut
880 3994 992 4053 indicat
1008 3993 1187 4078 'Priscum-p.
1203 3996 1254 4075 64
1267 3997 1299 4057 Β.

225 4084 229 4089 “
301 4070 595 4158 Pag.71.n.[2is,
609 4077 641 4139 6.
675 4072 823 4157 οἱδὴτὰς
843 4070 947 4157 ἀρχὸς
960 4074 1179 4156 ἀναβεβήκασι
1192 4064 1300 4149 scinu.

220 4148 303 4214 Haec
334 4155 426 4220 verba
459 4179 615 4245 perperam
638 4165 735 4226 rarat
752 4163 936 4248 interpres,
957 4162 1012 4248 qni
1037 4160 1196 4228 notionem
1221 4160 1299 4228 verbi
