2774 5122
209 241 296 344 διὸ
655 258 866 333 ΕΧΟΕΒΡΤΔ

69 431 139 486 λε.
151 418 458 508 5ηρΠερσαρμενιοις
478 440 513 482 τε
537 417 639 500 πάσης
659 417 860 502 ἀφίστασθαι
891 415 947 480 καί
971 413 1142 501 Ἰβηρίας,
1161 413 1215 479 οὗ
1235 410 1300 498 μήν

102 503 274 589 ¹.¹¹‘¹·¹²103v
293 518 492 602 βουλομένων
519 517 597 600 ήμῖν
623 514 796 580 ὑπακούειν
824 514 963 599 Περσῶν
985 514 1152 600 Ἀρμενίοις
1183 537 1218 580 τε
1247 511 1304 577 καί

78 575 202 699 mehr}
209 616 353 705 Ἰβήρων.
381 616 561 697 ἀναδιδοομι
580 617 617 680 δέ
639 616 695 681 καί
713 616 749 681 τδ
768 615 942 702 Ἀφονμιόν
970 613 1142 702 φρούριον,
1169 611 1304 695 καὶτῆς

202 720 400 806 Ἀρζανηνῆς
418 717 496 800 δμΐν
518 711 764 802 παραχαρήσοο,
784 712 822 780 τὸ
844 710 958 798 Δάρας
974 711 1072 796 μόνον
1093 708 1167 779 ἀντί
1186 708 1303 779 τοσοί-

204 843 268 886 τοιν
278 814 545 900 ἀνακομιζόμενος
555 813 637 901 πρὸς
647 815 769 896 δμῶν.”
784 817 888 881 ταῦτα
902 816 1046 899 Τιβέριος
1057 810 1313 899 δαάτοιιράτοορὸ
1336 805 1344 816 ’

205 912 338 1007 Χοσρόη
360 912 520 1001 σημήνας,
542 916 640 1002 ἐφῆκε
660 914 813 1005 Ζαχαρίρι
832 937 865 980 τε
887 916 944 980 καί
972 912 1130 1002 Θεοδώρῳ
1159 916 1216 978 καί
1243 935 1303 994 με·
1350 935 1352 969 ι

107 1034 109 1036 ’
204 1019 320 1104 γίοτων
335 1021 503 1102 πρέσβεων
522 1013 609 1099 ἔχειν
633 1011 729 1099 ίσχδν
748 1013 804 1078 καί
830 1014 887 1100 τήν
909 1009 1036 1100 εἰρήνην
1056 1010 1100 1089 οἷς
1132 1005 1172 1077 ἀν
1204 1006 1302 1078 οἷοίτε

203 1107 327 1184 έσοιντο
349 1115 538 1181 διατιθέναι.
556 1113 639 1198 μετὰ
660 1117 761 1180 ταῦτα
781 1114 836 1199 τῆς
858 1111 1041 1198 ὁδοιπορίαις
1065 1108 1117 1177 ἔτι·
1139 1112 1301 1196 σχομένοι,

204 1217 358 1284 σταλέντα
373 1209 470 1301 ἄνδρε
493 1211 578 1281 οδτιο
599 1211 781 1302 παρασχὸν,
804 1211 861 1279 ναί
879 1210 1060 1300 Χοσρόηςδ
1083 1216 1228 1300 Περσῶν
1240 1217 1303 1295 βο-

192 1314 313 1392 ’σιλεδς
332 1316 542 1399 καταπλαγείς
561 1324 629 1392 τοῖς
657 1314 869 1399 ξομβεβηκόσι
881 1364 891 1396 ,
924 1309 1119 1400 προφθάσας
1146 1313 1342 1393 ε’κπέμπειιο

161 1415 252 1499 ,croc
272 1413 330 1481 τὸν
354 1414 529 1498 Ῥωμαίων
557 1412 779 1502 αδτοριράτορα
807 1412 1022 1502 πρεσβευτήν,
1043 1414 1100 1477 καί
1119 1411 1301 1498 ἀφικνεῖται

190 1542 192 1545 ·
200 1518 358 1599 χειμῶνος
378 1515 558 1601 ἀρχομένου
577 1509 639 1600 ἤδη
674 1511 709 1593 ὃς
737 1517 792 1581 ἐπί
821 1518 862 1602 τῇ
888 1511 1039 1601 πρεσβείρι
1074 1507 1300 1596 ἐχειροτονήθη

201 1618 336 1701 Πέρσης
356 1611 464 1699 ἀνήρ,
488 1608 629 1697 τοῦνομα
652 1610 890 1700 Φερογδάθης,
914 1616 976 1697 οάχ
1002 1603 1096 1698 ἦττον
1122 1608 1179 1676 καί
1198 1606 1301 1684 αδτός

106 1710 528 1802 λλιιοφιλανδριοποτάτοος
550 1713 584 1780 έν
604 1717 755 1802 ἐπιστολῇ
776 1716 970 1797 διακομίζων
990 1709 1102 1797 λόγους
1129 1709 1212 1798 πρὸς
1239 1712 1299 1774 τοῦ

201 1817 342 1900 Περσῶν
361 1815 539 1897 βασιλέως,
573 1816 607 1881 ἐν
626 1807 648 1905 ᾗ
667 1810 840 1899 ἐγέγραπτο
861 1805 938 1878 οἶδε·
960 1815 1014 1896 ,,εἰ
1030 1816 1090 1896 μὲν
1110 1813 1146 1877 ro*
1172 1809 1338 1879 δίκαιονιό

199 1917 332 2000 ποιήσαι
354 1915 564 1999 βουληθείης,
594 1906 804 1998 ἀῬοομαίων
832 1917 986 1997 βασιλεῦ,
1016 1912 1120 1989 καλῶς
1149 1904 1190 1976 ἀν
1213 1905 1298 1995 πρά·

198 2018 265 2094 ξοις
282 2017 359 2089 τούς
381 2038 416 2079 τε
436 2011 495 2100 τήν
516 2015 715 2081 ἀποστασίαν
735 2019 792 2100 τῆς
821 2016 1072 2102 Περσαρμενίας
1099 2012 1297 2094 βουλεύσαν-

197 2136 256 2190 τας
277 2111 453 2200 γενεάρχας
471 2113 615 2191 έκδιδοδς
632 2115 710 2199 ήμῖν
730 2111 902 2202 ὑφέξοντας
933 2112 1062 2195 ποινὰς,
1083 2113 1118 2177 ἒν
1140 2119 1208 2186 τοῖς
1228 2102 1296 2194 ὁρίέ

197 2237 246 2291 οις
262 2238 296 2279 τε
318 2218 375 2300 τῆς
394 2219 535 2299 Περσῶν
554 2238 588 2281 τε
608 2216 666 2280 καί
687 2215 861 2297 Ῥωμαίων
887 2206 1215 2299 ἀναρτηδησομένους·
1244 2212 1296 2274 δι-

197 2311 273 2390 δοδς
295 2315 331 2379 δὲ
352 2314 409 2378 καί
425 2312 482 2400 τήν
502 2317 653 2381 ἐντεῦθεν
682 2319 853 2398 συμβᾶσαν
875 2317 991 2401 ζημίαν
1014 2315 1172 2398 Πέρσαις.
1207 2310 1238 2376 εί
1258 2311 1332 2383 δὲπα

167 2411 281 2500 Βπρδς
299 2410 403 2478 ταῦτα
423 2415 571 2490 ἐναντίως
591 2412 699 2498 ἔχεις,
727 2418 848 2501 πρᾶξαι
867 2412 902 2480 τὸ
934 2414 1039 2501 φιλοις
1061 2414 1196 2498 πρέπον·
1216 2414 1293 2477 τοῦ-

166 2533 231 2577 .το
253 2513 290 2580 δέ
309 2513 378 2578 ἐστι
399 2515 590 2598 ξονδραμεῖν
617 2517 653 2580 έν
681 2523 747 2592 τοῖς
774 2512 873 2601 δρίοις
902 2507 999 2589 αὖθις
1029 2508 1106 2588 τούς
1137 2505 1293 2597 ἑκατέρας

266 2629 476 2754 mussptclwcxrfe
491 2634 563 2706 vulg.
632 2653 659 2708 9.
677 2636 826 2711 παρέσχην
844 2650 896 2705 mg.
913 2633 955 2687 ed.
973 2635 1032 2693 Par.
1118 2648 1156 2688 tr·
1177 2618 1231 2688 τδν
1251 2632 1291 2696 Β,

201 2768 205 2774 ,
265 2721 324 2761 ιον
342 2720 378 2759 ru
390 2722 414 2776 g.

194 2832 270 2882 ratus
287 2843 359 2891 aum,
376 2845 484 2881 omnem
501 2827 715 2883 Perrarmeniam
735 2835 765 2882 et
782 2827 900 2881 Iberiam
924 2828 1003 2880 vobis
1027 2826 1192 2888 concedere,
1209 2839 1290 2894 prae·

147 2931 149 2934 -
194 2905 303 2952 tereos
322 2899 521 2952 Peraarmenioa
539 2902 596 2952 rive
615 2901 719 2965 Iberos,
737 2899 786 2972 qui
804 2901 886 2952 nobie
907 2915 1002 2969 parere
1023 2898 1129 2949 malint.
1163 2897 1290 2948 Restituo

195 2978 225 3022 et
240 2969 369 3023 Asamum
389 2970 539 3034 cantellum,
565 2972 767 3024 etArzanencm
785 2969 862 3024 vobis
883 2969 959 3034 cedo,
979 2968 1060 3020 modo
1080 2966 1213 3037 oppidum
1231 2970 1290 3038 Da·

194 3057 237 3094 raa
256 3057 305 3109 pro
323 3040 366 3092 hia
384 3039 512 3093 omnibus
532 3058 547 3090 a
565 3041 644 3097 vobio
662 3042 828 3095 obtineam.”
877 3041 952 3093 Haec
972 3041 1101 3112 Tiberius
1120 3041 1289 3107 Imperator,v

119 3140 123 3149 ·
192 3120 245 3180 per
263 3109 416 3161 Zachariam
437 3119 465 3163 et
484 3111 677 3176 Theodorum,
697 3113 799 3186 quibus
822 3113 1003 3165 maximorum
1027 3110 1180 3178 legatorum
1206 3118 1289 3178 pote-

193 3186 292 3233 statem
317 3179 423 3243 dedit,
453 3180 570 3234 Choaro't
592 3183 694 3236 litteris
723 3183 893 3253 significavit
937 3183 986 3236 Hie
1012 3181 1096 3233 etiam
1121 3196 1215 3250 pacem
1237 3197 1288 3250 pro

193 3248 328 3314 arbitrio,
355 3259 385 3303 ut
402 3268 444 3302 rea
463 3252 582 3315 ferrent,
610 3253 699 3306 facere
718 3256 850 3322 permisit.
885 3255 921 3307 Et
937 3253 980 3305 itti
1007 3249 1129 3322 quidem,
1154 3250 1219 3303 dum
1238 3251 1288 3302 ad-

190 3320 246 3374 huc
266 3322 319 3378 iter
338 3320 494 3386 faciebant,
513 3320 630 3389 accidit,
649 3333 681 3377 ut
697 3325 833 3378 chosroes
852 3332 979 3396 quoqne,
999 3322 1138 3375 Persarum
1157 3338 1205 3374 rex
1221 3361 1229 3384 ,
1244 3323 1289 3384 iia,

191 3408 263 3463 quae
285 3391 328 3443 illi
347 3399 442 3444 contra
459 3394 625 3446 sententiam
643 3405 804 3459 evenerant,
823 3397 980 3465 parentans,
1000 3409 1117 3463 propere
1137 3392 1173 3443 acl
1191 3394 1289 3446 Roma·

188 3479 289 3517 norum
307 3466 502 3534 Imperatorem
520 3465 638 3533 legatum
656 3469 798 3531 mitteret,
824 3469 872 3538 qni
892 3467 947 3518 iam
971 3464 1063 3518 hicme
1085 3466 1201 3517 ineunte
1223 3479 1288 3534 pro-

188 3534 279 3588 fectur
297 3544 363 3586 erat
399 3535 425 3587 Ir
444 3543 503 3587 erat
520 3536 562 3588 uir
580 3540 669 3599 Persa,
688 3540 737 3610 qui
755 3536 790 3589 ad
808 3538 879 3590 hanc
896 3539 1061 3606 legationem
1080 3536 1134 3587 fuit
1153 3534 1288 3597 delectur,

189 3606 302 3660 nomine
328 3603 577 3675 Pherogdatea,¹et
599 3626 615 3661 a
643 3609 783 3662 Persarum
811 3626 873 3677 rege
899 3607 935 3659 ad
958 3610 1152 3676 Imperatorem
1179 3604 1286 3657 litterae

193 3693 252 3730 non
275 3678 366 3729 minua
391 3675 524 3729 humanae
550 3684 578 3730 ct
605 3681 741 3733 officiosae
767 3679 876 3733 detulit.
917 3679 973 3730 Hae
1001 3680 1040 3729 aio
1067 3693 1096 3727 ae
1121 3677 1286 3728 habebant:

192 3747 356 3870 „Sipuidom
375 3766 432 3802 rem
456 3751 556 3803 iustam
575 3749 664 3803 facere
682 3752 786 3815 velles,
812 3751 960 3821 imperator
984 3749 1185 3811 Romanorum,
1213 3756 1287 3801 recte

191 3819 239 3887 qui
263 3837 305 3872 em
323 3828 352 3872 te
370 3836 498 3889 gereres,
525 3821 548 3872 ai
568 3822 768 3875 Persarmenioa
793 3819 955 3904 genearcbaa
975 3817 1141 3871 defectionis
1161 3826 1287 3872 auctores

190 3888 272 3941 nobie
290 3890 423 3955 traderer,
440 3899 472 3945 ut
492 3892 603 3945 meritae
618 3909 717 3963 poenas
736 3891 804 3944 mihr
824 3891 929 3952 darent,
947 3899 976 3942 et
988 3890 1016 3940 in
1028 3888 1129 3942 tinibus
1143 3890 1287 3941 Persarum

191 3967 220 4011 ct
234 3959 415 4014 Romanorum
434 3962 681 4031 suspenderentur3
701 3969 729 4014 ct
749 3962 772 4012 εἰ
791 3962 890 4015 damna
908 3960 995 4013 Peraia
1014 3960 1091 4011 illata
1111 3960 1286 4030 rependeres.

191 4029 221 4081 st
240 4028 292 4082 iata
309 4032 560 4104 improbas‚amicis
580 4035 671 4087 officia
690 4033 784 4085 debita
804 4051 840 4086 ne
859 4033 982 4098 deneger.
999 4031 1058 4080 Hoc
1075 4030 1184 4092 feceris,
1199 4033 1223 4084 ri
1238 4031 1287 4084 de·

192 4097 265 4151 derio
285 4110 443 4170 operam‚ut
460 4106 605 4174 utriusque
616 4105 792 4177 reipublicae
811 4105 935 4174 primarii
953 4102 1046 4154 virilu
1070 4102 1199 4154 confiniis
1221 4118 1287 4154 con-

190 4172 304 4224 veniant
323 4181 351 4225 ct
367 4190 481 4245 pacem,
498 4176 521 4229 ai
541 4177 599 4230 fieri
617 4176 720 4247 possit,
738 4176 811 4232 inter
829 4184 973 4246 atramque
991 4179 1098 4247 gentem
1116 4179 1242 4227 statuane
1258 4172 1288 4226 ot
