2774 5106
400 615 611 686 suarem
641 611 848 683 msroau.
1082 587 1167 701 τοι)

79 778 196 863 enirm
215 769 379 862 ὥρμηται,
408 775 464 840 καί
491 769 539 840 das
567 774 611 862 aqi
628 777 760 856 βασιλεῖ
783 771 887 838 ταῦτα
906 767 1060 836 δοκοῦντά
1079 771 1203 853 sorus.
1215 771 1242 827 C.
1255 771 1307 845 ⁴79

78 881 138 943 καί
155 873 198 951 (ῦς
215 873 426 957 Ἀδαμάντιος
446 875 500 940 ἐπί
517 875 619 941 ταῦτα
639 873 827 957 πεμφθείη·
847 878 989 956 κρεῖττον
1007 861 1065 934 οῦν
1083 845 1293 974 εἷναιῖὲὲοέὥ

80 972 212 1058 αῦτοΐς,
241 978 302 1053 ἔας
320 971 370 1039 ἐτι
389 965 540 1054 ἄπεστιν,
561 970 647 1039 4κατὰ
666 973 794 1037 πλείονα
814 968 934 1053 σχολῂν
951 967 992 1035 τοὶ
1016 972 1081 1034 κατ’
1103 964 1163 1034 οῦ·

75 1072 152 1152 τοῦς
182 1071 417 1159 διοικήσασθαι.
464 1074 576 1139 ταῦτα
598 1071 654 1136 καί
681 1079 749 1147 τοῖς
779 1065 986 1156 στρατιώταις
1013 1076 1080 1143 τοῖς
1100 1070 1169 1133 ἐκεῖ

46 1173 307 1262 ὅφολάττοοσιν,
329 1165 420 1238 odora
440 1171 484 1248 oie
505 1173 682 1255 δισχιλίοις,
703 1172 737 1253 οξ
754 1169 811 1235 καὶ
829 1167 1015 1250 ἀμύνασθαι
1037 1166 1167 1233 ἐπιόντα

74 1271 158 1359 πρός
177 1297 214 1356 με
232 1270 267 1338 ro*
290 1273 486 1358 παραχρῆμα
506 1269 624 1358 ρ’ριλίοος
644 1267 804 1354 ἠδύναντο
811 1319 822 1350 ,
843 1265 967 1334 ἔπεισεν
985 1264 1070 1347 ,ἐμοῦ
1089 1263 1240 1340 ndu-,tter

75 1397 136 1448 τας
156 1377 296 1439 ἐκλιπεῖν
312 1372 506 1455 Ἐπιέαμνον,
527 1367 582 1435 καί
600 1372 700 1454 λέγων
720 1370 777 1436 καί
795 1365 967 1456 ταράττων,
982 1368 1039 1430 καί
1058 1362 1169 1451 φήμην

77 1467 133 1538 del
154 1469 269 1555 καινήν
287 1467 480 1557 πειρώμενος
499 1471 684 1553 ἐμβάλλειν,
717 1472 773 1536 καί
801 1465 851 1535 ὅτι
876 1472 1008 1550 βασιλεῖ
1024 1458 1169 1548 ἀπεχθη-

76 1593 187 1637 σονται
204 1574 326 1650 μᾶλλον
346 1571 529 1655 ἀντιστῆναι
547 1571 710 1653 θέλοντες,
745 1566 802 1634 καί
828 1565 907 1653 πρὸς
928 1566 984 1635 τὸν
1011 1558 1168 1647 Bataua}-

27 1687 138 1757 aopoo
169 1665 290 1747 εέθίας
317 1673 515 1753 ἐπέστελλεν,
536 1669 586 1753 οῦς,
606 1666 702 1755 τάχος
731 1672 920 1754 ἐπείγεσθαι.
959 1664 976 1733 ὅ
999 1669 1035 1733 dl
1054 1665 1090 1732 τὸ
1110 1670 1169 1731 τοῦ

77 1769 289 1852 Σδιμοῦνδον
309 1772 440 1851 ἐπέμενε
461 1766 613 1854 δήλωμα,
642 1772 704 1838 καί,
718 1768 775 1855 τὴν
795 1767 899 1835 αῦτοῦ
918 1761 1064 1853 οἷδελφὴν
1086 1764 1247 1852 νόσιρν.55

77 1873 306 1954 κατεχομένην,
327 1871 361 1948 ἐξ
380 1862 419 1954 ἧς
441 1869 634 1956 ἐτελεύτησε.
677 1867 822 1957 φανερὰν
841 1871 951 1951 μέντοι
980 1870 1038 1952 τῆς
1065 1867 1164 1930 κοθέ-

79 1972 160 2055 δρας
187 1967 351 2054 πρόφασιν
380 1970 524 2036 ἐποιεῖτο,
544 1968 599 2054 τὴν
618 1973 675 2035 τοῦ
693 1971 889 2056 πρεσβευτοῦ
908 1964 996 2053 παρὰ
1016 1961 1165 2050 Ζήνωνος

79 2062 188 2156 ῦφίξιν
221 2071 277 2133 καί
302 2067 340 2134 τὸ
360 2064 539 2150 βούλεσθαι
566 2073 684 2151 μαθεῖν
706 2064 792 2146 ὅπως
811 2065 889 2153 πρὸς
916 2064 1014 2132 αέτόν
1034 2063 1103 2148 ἔχει
1122 2059 1163 2129 τοὶ
1193 2086 1196 2091 ·

11 2182 35 2225 1
48 2169 115 2234 5ἐκ
132 2170 191 2231 τοῦ
210 2167 375 2250 βασιλέως.
398 2165 468 2233 ἐπεί
487 2170 523 2235 di
542 2167 598 2253 την
617 2167 759 2255 α’ῦελφῆν
772 2171 832 2251 μὲν
843 2163 1070 2233 ἀποθανοῦσαν
1084 2162 1165 2228 tea-

80 2283 149 2350 ψεν,
165 2263 207 2334 τὰ
230 2267 266 2330 δὲ
285 2264 374 2351 παρὰ
396 2269 608 2350 Σιδιμοῦνδοο
629 2268 786 2353 ἀπήντησε
806 2270 971 2348 καλοῦντα,
991 2261 1069 2347 πρὸς
1089 2260 1185 2338 rodan

72 2361 307 2450 Ἡρακλειοῦτας
324 2364 507 2443 ἐκλιπόντας
523 2370 583 2448 μὲν
598 2364 655 2450 τήν
667 2364 768 2450 πόλιν,
789 2368 823 2441 ἐς
844 2365 999 2452 φρούριον
1019 2365 1055 2428 δὲ
1073 2363 1166 2444 ἰσχο-

78 2461 136 2547 ρῦν
157 2462 485 2547 α’νασκεοασαμένονς,
506 2470 637 2547 πέμψας
657 2460 770 2552 ἀπῄτει
790 2472 878 2551 σῖτον
898 2460 1090 2528 πολύν-τινα
1110 2457 1167 2523 κατ’

81 2558 184 2643 οἶνον,
215 2557 302 2638 ὅπως
330 2566 375 2650 τῷ
404 2567 527 2652 στρατῷ
554 2562 625 2648 ἔχοι
657 2561 761 2629 α’πιοῦν
788 2563 917 2651 ἐφόδια.
957 2555 987 2625 oi
1015 2560 1051 2624 dl
1072 2550 1169 2625 οῦδὲν

12 2658 204 2749 talpam
224 2659 313 2750 αὐτῷ
332 2659 494 2730 δύνασθαι
509 2709 519 2729 .
537 2707 548 2730 .
568 2708 579 2730 .
599 2665 656 2729 .ἐν
673 2659 843 2740 τοσαῦταις
862 2662 996 2747 ἡμέραις
1017 2660 1192 2747 leym&

80 2763 152 2826 door
184 2754 272 2843 εἶχον
299 2763 353 2843 ἐπί
372 2763 517 2851 φρουρίῳ
537 2787 573 2847 ys
592 2767 697 2853 μικρῷ
717 2757 1008 2847 δεδαπανῆσθαι.,ῦ
1030 2761 1066 2826 δέ
1086 2754 1167 2841 πρὸς

80 2853 173 2947 &pyris
191 2857 233 2926 rai
254 2865 387 2926 πλεῖστα
406 2864 464 2948 τῆς
484 2860 605 2939 πόλεως
625 2860 807 2949 ἐμπρήσας,
828 2855 955 2947 ἐνδροῦν
974 2849 1072 2942 οῦσης
1091 2851 1167 2945 ipsi·

148 2999 173 3051 3.
192 2993 324 3061 lorval,
338 2991 371 3050 asi
387 2997 459 3069 vulg.
512 3000 537 3070 4.
557 3010 651 3072 στρατ.
672 3001 766 3071 λέγων
784 3006 846 3059 τοῖς
854 2997 968 3053 contii.

81 3101 231 3153 conferret:
250 3099 396 3153 barbarum
415 3104 486 3155 enim
505 3105 716 3173 quamprimum
734 3102 912 3172 Epidamnum
935 3100 1108 3153 invasurum:
1126 3094 1167 3148 sio

82 3172 153 3224 enim
172 3172 366 3240 Imperatorem
384 3172 545 3240 decrevisse,
566 3177 612 3244 qui
625 3174 659 3226 ad
671 3191 729 3227 eam
744 3190 801 3226 rem
816 3172 1019 3242 exsequendam
1028 3169 1166 3222 Adaman·

81 3243 149 3295 tiam
166 3242 279 3295 miserit.
315 3245 413 3313 Itaque
430 3245 528 3296 melius
546 3261 604 3297 esse
622 3262 672 3314 per
690 3247 796 3306 otium,
823 3242 889 3294 dum
907 3241 1028 3295 nondum
1047 3240 1166 3302 adesset,

81 3312 163 3364 rebus
180 3315 238 3365 sois
255 3314 420 3383 prospicere.
455 3316 542 3366 Erant
558 3332 670 3386 quoque
686 3317 716 3366 in
738 3330 771 3365 ea
793 3312 861 3365 urbe
879 3315 909 3365 in
927 3311 1071 3382 praesidiis
1088 3309 1167 3361 mili·

81 3390 137 3438 lum
158 3383 213 3437 duo
239 3383 336 3445 millia,
355 3384 403 3454 qni
421 3382 530 3436 barbari
550 3388 668 3455 primum
692 3387 824 3452 impetum
848 3383 982 3452 repellere
1000 3382 1164 3453 potuissent.

80 3452 128 3507 llis
146 3469 260 3526 quoque
277 3455 394 3506 multum
412 3454 529 3508 dicendo
550 3463 578 3507 et
601 3465 732 3509 terrorem
750 3454 901 3507 inliciendo
922 3460 951 3506 et
968 3452 1093 3524 quotidie
1110 3466 1165 3503 no·

81 3541 127 3577 ros
152 3540 274 3577 rumores
298 3524 450 3593 spargendo
477 3526 627 3594 persuasit,
655 3534 687 3578 ut
709 3525 805 3577 urbem
822 3523 1002 3593 Epidamnum
1028 3523 1166 3576 desertam

81 3595 277 3666 relinquerent.
312 3595 413 3648 Aiebat
432 3598 521 3659 esim,
540 3613 603 3659 eos,
621 3598 644 3649 si
663 3598 789 3649 resistere
805 3596 954 3657 auderent,
971 3597 1056 3663 magis
1073 3595 1165 3662 Impe-

81 3666 179 3717 ratoris
200 3666 336 3718 voluntati
358 3666 552 3720 adversaturos.
589 3667 654 3721 Mox
720 3668 870 3719 oeelerius
889 3664 1098 3718 Tbeuderiebns
1118 3675 1178 3713 ao-·

82 3736 210 3798 eederet,
229 3735 264 3788 ad
284 3753 346 3789 eam
362 3737 450 3789 misit:
479 3738 502 3787 is
517 3738 588 3790 cirea
606 3738 693 3788 Herae
706 3752 763 3789 eam
782 3735 956 3799 consederat,
977 3735 1092 3806 etquid
1109 3731 1167 3785 sibi

82 3806 172 3858 nuntii
186 3805 376 3860 aSldimundo
391 3808 512 3869 veniret,
531 3815 559 3858 et
574 3814 686 3878 propter
702 3806 826 3861 morbum
845 3809 963 3869 sororis,
982 3823 1053 3878 quae
1071 3804 1166 3874 paullo

80 3886 145 3944 post
164 3876 299 3940 decessit,
327 3877 509 3946 exspectabat.
547 3879 618 3931 Suae
636 3886 728 3937 autem
747 3894 836 3931 morae
854 3893 962 3930 causam
982 3878 1072 3945 palam
1091 3874 1167 3942 lega-

81 3954 139 3998 tum
159 3962 218 3998 esse
237 3946 392 4007 simulavit,
412 3964 493 4017 quem
514 3947 550 3999 ad
568 3964 630 4001 sum
650 3951 720 4000 Zeno
739 3949 866 4009 miserat,
896 3950 961 4018 quia
979 3964 1013 3999 ex
1031 3961 1081 4004 eo,
1108 3959 1166 4014 quo

80 4017 173 4068 animo
191 4016 221 4069 in
239 4031 269 4066 se
288 4024 359 4069 esset
377 4019 541 4086 Imperator,
568 4019 723 4090 intelligere
751 4024 870 4086 cuperet
907 4019 964 4070 Nec
983 4017 1069 4069 multo
1088 4023 1167 4083 post,

80 4102 140 4137 eum
161 4103 281 4139 sororem
300 4103 376 4138 suam
397 4096 530 4140 mortuam
549 4088 676 4151 efferret,
694 4104 710 4138 a
726 4086 888 4141 Sidirnundo
906 4089 1019 4138 nuntius
1038 4084 1168 4146 occurrit,

80 4159 128 4226 qui
148 4173 211 4208 eum
231 4166 384 4209 arceassret.
421 4159 492 4211 Tum
509 4156 545 4208 ad
563 4159 750 4219 Heracleotae,
769 4159 816 4229 qui
836 4146 932 4210 larbam
951 4158 1122 4227 reliquerant
1136 4161 1166 4206 et

79 4244 107 4282 se
125 4228 156 4278 in
173 4243 264 4278 arcem
285 4226 496 4280 munitissimam
513 4245 574 4281 reee
594 4238 690 4291 erant,
717 4230 794 4282 misit
821 4228 871 4299 qui
898 4232 1025 4296 peterent
1040 4240 1165 4291 magnam

77 4296 212 4350 frumenti
229 4298 285 4349 rim
303 4304 331 4347 et
349 4299 421 4359 vini,
441 4306 472 4351 ut
492 4297 551 4352 diso
589 4316 637 4352 sna
656 4298 801 4359 viaticum,
820 4296 896 4367 quod
913 4295 1012 4350 alendo
1031 4294 1165 4348 exercitui

78 4367 228 4431 sufficeret,
247 4364 368 4420 haberet.
406 4368 450 4420 llli
470 4378 562 4420 autem
580 4370 798 4439 responderunt,
816 4367 888 4419 nibil
901 4367 955 4417 sibi
972 4374 1072 4419 restare
1090 4382 1166 4417 com-

77 4445 234 4501 meatuum,
253 4453 322 4507 quos
340 4438 433 4506 largiri
451 4447 579 4507 possent,
597 4442 700 4492 etenim
720 4456 790 4510 quos
806 4435 970 4491 habuissent
994 4445 1038 4490 tot
1068 4435 1168 4489 diebus

78 4509 108 4568 ln
126 4525 210 4583 parm
232 4508 343 4568 mutto
362 4511 570 4583 consumpsisse.
606 4510 657 4566 Ille
683 4510 724 4567 irs
744 4510 861 4574 exarsit,
878 4516 907 4563 st
924 4507 1017 4574 urbis,
1041 4521 1113 4582 qaae
1130 4507 1167 4562 alr
