2724 5092
190 214 248 332 90
629 252 838 318 axcaarrr

122 407 124 417 ⁴
189 403 233 463 ’τα
265 392 372 482 οἶδαςς
413 405 477 467 uoti
497 405 534 470 δέ
553 427 589 470 σε
609 408 770 490 Στελίχων
796 401 879 487 εἶδες
920 403 961 493 οὐ
991 406 1027 470 δὲ
1055 427 1111 470 τον
1130 396 1282 489 ου’νοῦχον

193 491 275 575 εἶδες
295 493 372 582 tv?
414 496 494 568 ὥστε
514 502 604 586 ἔργον
644 496 684 589 ἦν
704 503 846 570 διαλύειν
868 502 931 581 τὰς
966 501 1160 586 συμπλοκάς.
1215 507 1282 570 τῶν

97 599 231 663 nasot&
250 598 396 686 ἐμπόρων
414 600 491 666 οὐδὲ
510 596 557 678 εἷς
576 599 668 687 λόγον
687 603 814 670 πλείονα
835 608 1056 687 ψευδομένων,
1085 598 1106 688 ἢ
1127 599 1187 668 ὅσα
1208 627 1282 688 κερ-

166 698 312 767 Τδαίνειν
335 698 504 783 βούλονται
511 753 521 781 ,
556 704 622 767 ἄλλ’
652 698 713 768 ὅσα
742 707 786 792 τῷ
806 702 982 794 σοφωτάτῳ
1009 711 1170 790 μαρτυρεῖ
1198 699 1282 767 κατὰ

54 805 121 861 eod.
133 807 182 861 115
193 793 357 881 Πίνδαρον
364 797 479 922 “gosino
502 808 516 876 ΙΙ
532 799 591 886 την
609 803 836 890 ἀκριβεστέραν
857 801 1046 888 κατάληψιν.
1284 799 1305 863 5

52 894 342 1087 ³'1?=‘‹l?3„„⁷,ll
377 901 593 1084 &toltit
611 907 771 1087 sitit
789 904 1186 1087 limittit?
1205 923 1286 1068 tit}

66 1066 244 1175 ΛΜΗ’τις
265 1095 340 1184 περὶ
364 1095 419 1163 τδν
446 1101 517 1181 βίον
540 1096 596 1163 τὸν
616 1100 817 1185 α’νθρώπινον
836 1098 1020 1184 ἐνεοχμαλδη
1040 1099 1171 1182 τοιαύτη
1194 1093 1284 1183 φοραὶ

195 1199 253 1264 καὶ
278 1200 407 1281 κίνησις.
448 1196 517 1262 ἀλλ’
539 1191 626 1278 ὅμως
646 1195 749 1274 οδτας
768 1194 853 1282 εἶχε,
873 1199 930 1265 ναί
946 1197 984 1264 τδ
1006 1195 1124 1283 ἀληθὲς
1141 1190 1288 1280 οἷοιώπη·

190 1321 259 1378 τον,
291 1291 336 1371 ὥς
355 1290 480 1381 ἀδικοίη
508 1317 544 1379 γε
571 1289 612 1360 ἄν
641 1321 690 1373 τις
723 1300 754 1363 εἰ
784 1296 839 1362 διοὶ
858 1295 893 1363 τὰ
916 1292 1073 1364 ἀπίθανον
1092 1296 1217 1381 τάληθῆ
1236 1292 1331 1380 μῆιο

190 1393 369 1483 γράφοιτο.
410 1397 466 1460 κατ’
483 1393 573 1463 τοῦτο’
593 1420 628 1481 γε
649 1397 742 1463 οδδὲν
762 1399 917 1486 διαφέρον
938 1392 1041 1463 ἐδόκει
1058 1420 1115 1480 μοι
1145 1400 1203 1461 τοῦ
1229 1417 1287 1458 πε·

192 1503 240 1560 εῖν
258 1518 291 1558 τι
318 1497 382 1559 τεᾶν
411 1495 549 1578 δριμέων
577 1494 634 1560 κατ’
652 1499 772 1582 πικρῶν
791 1495 846 1562 ε’πί
874 1501 1030 1586 σωτηρίη·
1062 1496 1142 1560 ’ἀλλ’
1175 1488 1284 1578 οἵσπερ

191 1596 297 1660 ἐκεῖνα
326 1598 599 1679 κατατεραοθέντα
625 1606 690 1673 τοῖς
718 1594 865 1679 σώμασιν
892 1596 999 1680 ἀηδοῦς
1026 1597 1113 1669 τέλος
1140 1589 1206 1675 ἔχει
1226 1589 1287 1676 την

191 1693 315 1778 ὑγίειαν
343 1691 401 1758 κατ’
425 1692 599 1779 σωτηρίαν,
635 1692 721 1760 οὕτω
764 1693 879 1760 καὶτὰ
897 1695 1128 1779 τερατευθέντα
1148 1688 1226 1774 πρὸς
1246 1686 1284 1755 ut

193 1789 394 1876 παράλογον,
426 1793 465 1858 οδ
486 1797 542 1878 τῆς
560 1797 686 1882 γραφῆς
715 1795 782 1861 ἐστι
803 1794 839 1860 τὸ
862 1791 1169 1878 ἅηδὲςιᾶμάρτημα,
1202 1784 1331 1856 attins

193 1887 292 1975 γλυκύ
312 1913 342 1955 τι
362 1888 418 1956 καί
436 1892 570 1974 πότιμον
591 1893 645 1958 διδ
665 1891 722 1978 την
755 1888 907 1980 ἀλήθειαν
933 1900 997 1969 τοῖς
1017 1890 1156 1976 ἀκριβῶς
1176 1885 1288 1966 ἐξετά-

194 1991 259 2068 ζειν
276 1993 481 2073 βουλομένοις
500 1992 630 2075 γίνεται.
1209 2010 1212 2015 ’

274 2088 329 2175 ιη’.
382 2090 456 2156 Καὶ
496 2083 586 2167 οὗτος
621 2095 682 2172 μὲν
723 2090 859 2172 εὀαίζετο
905 2093 1010 2167 καλῶς
1052 2086 1184 2173 πονηρὸς
1219 2080 1289 2152 ὄν·

194 2182 282 2270 ὅμως
315 2183 351 2256 δὲ
373 2188 456 2278 (τὸν
476 2194 599 2276 σπλῆνα
616 2190 678 2277 γὰρ
700 2187 802 2258 ἐνόσει
810 2194 836 2279 ‚)
859 2194 985 2276 διετέθη
1007 2192 1110 2264 καλῶς
1144 2185 1206 2250 ὑπὸ
1228 2188 1289 2270 τῆς

195 2289 350 2371 συνεχοῦς
369 2286 543 2373 ἱππασίας,
577 2289 771 2373 κατεπράῦνδ
800 2314 834 2354 τε
855 2295 912 2355 καί
930 2288 966 2355 τὰ
989 2279 1131 2362 λιθῶδες
1158 2283 1333 2366 eluceri-ao

263 2424 288 2461 n·
320 2404 404 2476 ὥστε]
423 2394 447 2476 gl
462 2421 496 2478 ys
513 2410 555 2460 ed.
632 2411 657 2462 5.
675 2409 767 2462 Verba
783 2427 807 2462 τ.
828 2426 855 2460 α.
876 2427 914 2473 ιι,
934 2427 950 2461 a
970 2406 1071 2479 quibus
1089 2405 1166 2458 alind
1185 2404 1289 2456 lolium

263 2480 378 2548 incipit,
403 2495 465 2531 cum
490 2481 525 2531 iis
540 2496 614 2568 3¹¹³}
631 2481 800 2549 praecedunt
819 2482 930 2533 omnino
948 2497 1012 2534 nou,
1023 2477 1168 2533 cohaerere
1186 2474 1289 2527 viden·

263 2555 310 2629 tor
327 2548 360 2600 N.
414 2568 438 2619 7.
456 2545 524 2602 οδδλ
541 2567 574 2602 εν
588 2551 764 2621 ηνεγιιενΝ.,
782 2546 869 2606 οδδὲν
886 2548 1038 2621 ἐνηνεγαεν
1055 2547 1098 2603 ed.
1162 2548 1202 2600 15.
1221 2545 1288 2598 ἐστι

263 2615 557 2682 τοΝ.,’ἰοτλνδεδ.
672 2680 677 2694 ,

195 2721 359 2788 exsistebat,
382 2731 471 2776 sumto
521 2723 666 2797 lerumque
691 2723 773 2777 initio
803 2725 838 2777 ab
864 2725 966 2794 argutis
994 2725 1138 2795 igneisque
1162 2720 1286 2783 voculis,

195 2811 267 2864 qnae
287 2742 620 2848 ferebuiusmosllerantr
639 2796 701 2856 „Tu
719 2813 783 2849 vero
797 2794 933 2848 undenam
950 2795 1019 2847 haee
1034 2793 1155 2846 audisti?
1172 2792 1290 2843 ubinam

195 2871 225 2916 te
244 2865 365 2917 Stelicho
379 2864 470 2918 vidit?
487 2883 554 2918 num
569 2873 599 2918 tu
611 2865 768 2919 eunuchum
782 2867 890 2919 nosti?“
907 2883 998 2936 neque
1016 2865 1098 2916 facile
1115 2870 1173 2913 erat
1182 2899 1192 2925 ,
1211 2862 1287 2913 rixas

195 2950 368 3005 componere.
413 2937 470 2987 lam
491 2944 521 2988 et
539 2946 720 2990 mercatorum
740 2954 821 2993 nemo
841 2939 988 3010 quicquam
1013 2942 1122 3006 praeter
1144 2931 1291 2984 mendacia

195 3013 360 3076 praeterque
376 3006 480 3058 lucrum
490 3023 567 3059 suum
582 3007 767 3078 loquebatur,
785 3017 813 3060 et
844 3006 961 3078 uidquid
976 3005 1177 3076 sapientissimo
1197 3019 1291 3054 rerum

197 3076 320 3195 omrpium
343 3077 477 3146 tempori,
498 3085 582 3147 prout
596 3076 707 3131 Pindari
725 3086 861 3132 sententia
878 3085 935 3142 est,
961 3078 1155 3129 accuratiorem
1174 3072 1293 3125 exhibet

197 3159 231 3195 ex
263 3149 425 3201 orationem.

232 3162 250 3216 P
269 3219 311 3285 57.
346 3217 426 3269 Nunc
441 3217 477 3270 nd
489 3217 621 3270 Asiaticas
637 3219 806 3274 calamitates
822 3220 916 3271 stilum
937 3218 1105 3271 transferam.
1150 3213 1200 3265 Par
1214 3213 1292 3265 enim

197 3284 379 3339 nihilaevum
399 3282 562 3340 immen'sum
580 3289 661 3354 tulit,
678 3308 769 3361 neque
790 3307 919 3362 umquam
938 3293 967 3341 in
985 3288 1128 3340 hominum
1155 3287 1211 3337 vita
1227 3290 1293 3335 tan.

199 3363 244 3405 tus
258 3365 348 3409 motus
369 3364 518 3430 tantusque
531 3376 620 3412 rerum
636 3363 768 3412 transitus
786 3362 848 3414 fuit.
885 3361 969 3432 Atqui
987 3358 1055 3411 haec
1080 3358 1118 3408 ita
1140 3360 1294 3409 evenerunt

198 3430 289 3497 neque
307 3428 418 3480 silentio
434 3429 575 3482 veritatem
595 3446 719 3503 premere
737 3432 821 3486 licet:
849 3449 912 3483 nam
929 3431 977 3483 ille
999 3429 1101 3481 iniuste
1118 3445 1146 3480 se
1166 3432 1293 3495 gereret,

199 3500 248 3571 qui
268 3496 304 3550 ob
317 3499 381 3552 fidei
396 3498 583 3570 impetrandae
607 3501 792 3554 difficultatem
812 3519 855 3554 res
880 3518 957 3557 veras
975 3499 1111 3552 historiae
1137 3515 1194 3549 non
1217 3511 1293 3546 eom-

199 3570 349 3624 mendaret.
380 3569 461 3621 Porro
482 3569 534 3622 hoe
555 3570 714 3625 mihtlraud
739 3572 849 3629 differre
861 3573 971 3625 videtur
984 3569 1019 3621 ab
1032 3586 1077 3635 eo,
1094 3568 1143 3640 qui
1157 3583 1217 3618 aere
1237 3565 1293 3616 ali-

201 3639 271 3708 quid
284 3648 367 3712 atque
382 3655 502 3692 amarum
516 3643 612 3696 salutis
628 3645 714 3713 gratia
732 3635 830 3696 ebibit
867 3645 933 3694 Nam
957 3642 1039 3694 sicuti
1056 3639 1123 3692 haee
1141 3638 1294 3691 insuaviter

202 3711 362 3779 corporibus
388 3713 535 3766 commixta
561 3715 677 3767 salutem
705 3716 835 3784 pariunt;
866 3715 904 3766 sie
930 3714 1013 3765 etiam
1033 3728 1105 3785 quae
1126 3707 1294 3761 mirabiliter

202 3785 232 3830 et
247 3789 356 3850 praeter
369 3783 492 3835 omnium
505 3784 663 3854 opinionem
679 3785 815 3846 accidunt,
833 3784 908 3836 haud
945 3783 1038 3834 uidem
1057 3782 1189 3835 historiae
1205 3777 1294 3829 mole-

203 3857 275 3903 stum
290 3861 432 3922 peecatum
455 3854 606 3924 reputanda
628 3864 707 3919 sunt,
724 3855 773 3906 sed
791 3855 870 3907 dulce
895 3853 1066 3925 quulpotius
1079 3862 1162 3922 atque
1177 3855 1294 3917 exopta-

202 3918 262 3974 bile
284 3932 397 3992 propter
418 3925 563 3978 veritatem
586 3924 660 3994 apud
685 3942 745 3990 eos,
767 3927 815 3996 qui
837 3942 879 3977 res
898 3924 981 3977 altius
1006 3922 1238 3976 scrutorivolunt.

278 3994 320 4048 58.
356 3994 390 4044 Ar
412 4012 447 4046 ue
466 3996 504 4047 ita
531 3995 670 4066 praeclare
697 3997 783 4048 evasit
797 3996 962 4058 incolumis,
981 3995 1030 4066 qui
1049 3993 1137 4046 malus
1157 3991 1200 4045 vir
1217 3997 1292 4042 erat:

204 4059 342 4134 simulque
371 4011 523 4118 valletudini
544 4083 609 4120 suae
633 4065 704 4118 bene
728 4067 795 4119 lecit
816 4068 969 4119 continenti
1001 4065 1192 4134 equitatione,
1210 4060 1294 4131 (nam

205 4130 300 4203 rplene
314 4133 479 4206 laborabat)
496 4138 670 4210 calculosque
681 4138 801 4195 mollivit
816 4156 847 4191 ac
861 4137 1003 4206 mitigavit.
1022 4135 1092 4189 Etis
1106 4131 1219 4206 quidem
1232 4129 1296 4186 abi·
