2716 5078
466 548 702 619 PRAEFATIO.
1078 557 1148 623 xm

65 707 122 762 loca
137 705 260 761 etiamin
269 701 313 757 bia
322 703 433 775 colagis,
452 704 644 775 quaeeditora
655 705 766 760 licentia
780 705 904 761 mutandi
917 705 1023 761 alicnus
1041 715 1073 761 ut
1082 716 1147 762 sunt

65 810 194 864 mendosa
222 809 380 881 relinquere
404 808 526 878 cogitur:
552 809 624 864 illud
650 817 742 863 tamen
765 824 828 864 vere
852 810 1010 881 praedicare
1031 829 1144 881 possum

65 915 116 968 bac
132 914 258 969 editione
270 914 422 985 perfectum
443 929 501 966 esse
512 922 544 968 ot
560 914 733 976 utilissimae,
749 931 901 986 magnaque
920 933 954 969 ex
970 924 1048 986 parte
1066 932 1143 987 egre·

65 995 170 1087 giorum
189 1018 353 1086 scriptorum
369 1015 527 1088 reliquiae,
544 1033 615 1088 quac
631 1016 747 1070 antehac
763 1019 794 1070 in
812 1019 925 1087 singulis
936 1022 1042 1090 paginis
1059 1022 1144 1073 innn-

66 1138 138 1176 mera
154 1123 287 1175 vitiorum
301 1119 483 1174 multitudine
501 1119 621 1193 legentes
638 1119 836 1191 impediebant,
853 1123 909 1174 inm
925 1122 1005 1193 longe
1024 1123 1143 1176 maxima

68 1243 100 1280 ex
123 1234 202 1296 parte
226 1223 322 1278 faciles
348 1223 485 1280 evaserint
507 1231 591 1296 atque
611 1231 722 1295 apertae
739 1223 775 1275 ad
797 1224 1014 1295 intelligendum.
1048 1224 1142 1295 Quum

68 1328 163 1400 igitur,
186 1344 259 1401 quae
281 1309 415 1381 hactenus
432 1325 553 1398 neglecta
578 1324 722 1391 iacebant,
746 1329 806 1381 aine
831 1326 920 1379 dublo
945 1328 1032 1381 multo
1050 1328 1141 1397 pluri-

67 1431 116 1485 bus
135 1449 218 1502 quana
235 1436 317 1484 antea
340 1431 528 1494 innotescent,
546 1429 639 1485 oblata
658 1437 700 1485 est
717 1432 838 1496 occasio,
851 1432 1005 1503 ,praeclaris
1023 1432 1142 1502 ingeniis

1 1597 3 1618 f
69 1534 140 1587 band
156 1533 285 1606 indigna,
304 1533 355 1586 ubi
374 1535 414 1586 ris
438 1532 580 1587 divinandi
596 1551 626 1587 se
640 1542 767 1588 exerceat
783 1541 812 1588 et
827 1535 899 1588 bene
918 1542 1014 1605 coepta
1032 1535 1140 1604 longius

70 1637 214 1709 producat.⁴
247 1638 288 1691 lia
320 1634 559 1690 emendationibus
587 1652 653 1710 quas
679 1637 846 1706 recepimus,
874 1637 976 1691 multae
1003 1637 1141 1691 lloesche·

71 1741 133 1795 lium
149 1739 254 1794 babent
273 1744 426 1804 auctorem,
443 1740 474 1791 iu
493 1739 614 1809 margine
634 1740 765 1794 editionis
783 1741 840 1794 eius
857 1743 1025 1812 propositae:
1057 1755 1140 1812 quas,

73 1846 125 1897 sire
142 1844 223 1898 uobis
241 1843 423 1914 probarentur
454 1845 511 1899 siue
527 1846 632 1910 minus,
658 1845 796 1917 designavi
821 1847 888 1916 sigla
902 1848 937 1900 tt.
974 1845 1050 1899 Idem
1066 1846 1141 1900 Hos·

76 1947 185 2003 rtbclius
203 1948 254 2000 ubi
271 1948 409 2019 geminum
425 1948 546 2003 codicem
564 1947 733 2016 adhibebat,
750 1958 778 2004 et
795 1948 900 2003 Schotti
919 1956 949 2003 et
964 1949 1139 2011 batoricum,

77 2055 176 2122 euodes
192 2051 223 2105 bi
239 2054 313 2107 inter
329 2066 359 2105 se
375 2048 524 2116 variarent,
547 2051 730 2107 diversitatem
753 2050 851 2107 itidem
875 2051 906 2103 in
925 2051 1045 2122 margine
1065 2050 1140 2103 indi-

79 2156 158 2219 carit,
183 2156 300 2228 praefixa
321 2155 391 2226 sigla
409 2157 447 2209 ol.
482 2156 537 2209 iias
554 2149 699 2210 varietates
718 2174 769 2230 mg.
790 2160 825 2213 H.
845 2155 998 2226 designavi:
1016 2172 1066 2224 pro
1084 2168 1139 2225 quo

81 2273 137 2309 var.
150 2259 180 2311 Β.
200 2258 317 2314 scribere
334 2266 408 2314 certe
421 2259 616 2330 praestitisset,
634 2275 727 2312 verum
747 2260 777 2314 in
794 2276 824 2312 re
840 2267 897 2313 tam
913 2259 968 2312 tevi
992 2256 1141 2326 reprehen-

85 2360 178 2412 sionem
192 2363 236 2415 vix
251 2369 353 2415 metuo.
389 2361 504 2416 Gravior
521 2372 563 2416 eat
585 2362 660 2435 quod
678 2362 825 2434 aliquando
842 2361 892 2414 ubi
908 2359 1031 2431 plagulae
1052 2359 1141 2426 inspi-

81 2460 138 2513 'tcac
152 2463 299 2518 domesticis
317 2466 389 2518 curis
406 2464 553 2535 impeditus
570 2466 675 2520 lucram
693 2482 744 2535 mg.
755 2465 792 2520 Η.
810 2461 939 2533 ponitur,
958 2477 1043 2536 quum
1052 2468 1143 2515 tumen

66 2557 220 2622 'antem
239 2567 405 2639 designanda
423 2576 507 2622 essct:
527 2567 580 2620 hoc
594 2569 625 2622 in
637 2566 768 2621 addendis
789 2567 902 2620 correxi.
936 2634 938 2642 κ

150 2668 221 2726 soit.
240 2676 349 2730 Bounae
366 2680 449 2747 posta.
467 2672 537 2729 Non.
554 2671 615 2730 Oct
633 2671 847 2728 mcccxxtx.
