2774 5106
254 221 339 309 320
681 245 889 315 memma

112 411 142 463 A·
152 408 180 461 C·
189 409 239 478 576
249 407 306 471 τοῦ
338 398 412 468 tuos
441 405 511 469 δέον
539 398 736 487 ποιήσασθαι
761 402 821 488 τήν
847 406 1042 516 ξγνέλευσιν.
1085 403 1244 486 Ῥωμαῖοι
1272 405 1333 485 μέν

106 480 310 604 ,ωᾶζὶἰίἶγόρ
337 502 444 588 ἠξίουν
471 505 504 568 έν
524 511 588 579 τοῖς
616 494 759 568 τελοῦσιν
779 507 833 568 έπί
861 501 894 569 τό
915 506 1024 588 Δόρας
1042 505 1193 586 χωρίοις,
1216 496 1270 568 οἷα
1293 503 1332 586 δὴ

221 605 377 690 (λοίκείοις
406 607 600 685 καθεστῶσι,
630 607 866 688 ξυγκροτεῖσθαι
889 600 946 685 την
974 602 1156 686 ἐκκλησίαν·
1196 598 1279 685 ἇτόρ
1303 599 1334 667 οἱ

251 706 382 788 Πέρσαι
411 700 566 789 ἔφασκον,
595 698 703 786 έτείἡ
730 703 820 777 πόλις
840 703 946 776 αότοῖς
965 703 1010 788 τῷ
1028 703 1138 788 θεσμῷ
1157 703 1218 763 τοῦ
1239 701 1334 764 πολέ-

250 826 312 884 μου
334 801 512 885 ότεκλίθη,
536 800 592 864 οόκ
612 797 674 865 αἀό
697 798 822 884 τρόπου,
845 803 901 865 καί
919 797 958 865 τοὶ
980 794 1040 864 ὅσα
1059 823 1094 883 γε
1113 798 1175 863 oni
1198 797 1255 883 τὴν
1276 795 1352 865 uti-5

250 906 300 965 λιν
321 896 471 984 ἁρμόζειν
491 899 609 981 αὐτοῖς,
629 901 685 964 καί
704 899 741 962 οό
763 900 834 964 όέον
856 901 955 964 έκεῖστ
976 899 1123 980 ξυνιέναι,
1144 893 1196 966 oio
1215 896 1260 982 μη
1278 923 1335 963 κα-

250 995 416 1065 θεστιότων
437 996 627 1083 όροθεσίοιν.
646 995 724 1080 μετὰ
751 999 826 1082 γοῦν
846 1001 964 1080 ταῦτα,
988 994 1069 1062 orico
1090 1001 1203 1063 δοκοῦν
1224 993 1334 1084 οἰμφο-

250 1101 352 1183 τέροις
374 1105 439 1174 τοῖς
458 1099 589 1182 μέρεσι,
612 1100 765 1182 ξυνῆλθον
781 1100 815 1162 έν
835 1100 879 1183 τῷ
899 1093 938 1181 δή
959 1099 1113 1186 λεγομένῳ
1131 1094 1334 1181 &repositor-

209 1213 213 1221 ’
250 1196 331 1282 πρός
360 1205 426 1272 τοῖς
454 1196 510 1261 καί
536 1194 566 1261 οῖ
592 1194 759 1280 έιιιχοίριοι
788 1189 937 1280 ἄρχοντες
956 1194 1112 1272 πολιτείας
1132 1195 1335 1282 ἀμφοτέρας.

251 1294 308 1360 καί
324 1294 432 1362 τοίνυν
452 1294 665 1381 προότιθεσαν
692 1290 729 1371 ἅς
749 1319 783 1379 γε
812 1292 971 1378 δήπουθεν
992 1288 1084 1382 ᾤοντο
1105 1296 1176 1358 κατ’
1192 1291 1370 1377 όλλὴλοονιο

250 1392 308 1471 τός
328 1398 486 1470 πολιτείας
515 1391 599 1477 ἔχειν
619 1396 742 1476 αἰτίας,
763 1393 806 1470 οἷς
827 1397 883 1479 τῆς
903 1392 1012 1480 ἑτέρας
1032 1391 1089 1479 την
1108 1389 1218 1478 ἑτέραν
1239 1385 1334 1455 ἄδικά

251 1518 285 1559 τε
311 1491 366 1558 καί
391 1488 452 1578 οὐχ
487 1488 559 1559 ὅσια
579 1496 803 1579 εἰργασμένης,
824 1488 1132 1581 παρασιτονόησόσης
1151 1515 1184 1557 τε
1204 1494 1262 1556 καί
1279 1492 1337 1556 τιό·

218 1600 346 1682 Ῑλλεμον
367 1587 475 1658 ἄδικον
503 1589 685 1679 ἑλομένης.Ἰ
709 1593 862 1659 πλείστων
883 1595 919 1657 δέ
939 1589 1023 1659 όσων
1044 1588 1196 1679 ῥημάτων
1216 1596 1252 1670 ἑξ
1273 1594 1335 1672 α’μ-

177 1716 181 1720 *
251 1700 324 1778 φοῖν
343 1700 408 1757 τοῖν
427 1699 555 1776 μεροῖν,
576 1688 620 1767 τός
639 1719 681 1776 τη
701 1689 828 1774 ἔτυχεν,
856 1686 1080 1778 ἐρριμμένων,
1101 1692 1204 1775 χύδην
1224 1715 1261 1755 τε
1281 1714 1335 1755 τιε-

251 1793 390 1876 ριουσῶν
409 1794 474 1856 τῶν
493 1792 708 1875 όικαιολογιοόν
735 1796 780 1878 τῷ
799 1793 929 1855 ἕκαστον
950 1793 1072 1856 έθέλειν
1092 1793 1131 1878 τῇ
1151 1793 1221 1855 κατ’
1241 1787 1383 1861 asisin?

249 1893 410 1979 πολιτείρι,
432 1884 484 1956 οἶα
505 1887 606 1972 εἰκός,
630 1884 837 1955 εόνοόστατον
856 1885 971 1955 ἑαυτὸν
990 1889 1172 1976 ἀποφῆναι,
1196 1889 1286 1966 τέλος
1306 1889 1339 1964 ές

251 1991 445 2076 δημηγορίαν
466 1993 586 2075 πρῶτοι
603 1985 756 2069 Ῥωμαῖοι
776 1990 977 2072 κατέστησαν.

331 2088 399 2155 κεί,
419 2083 488 2153 Ὅτι
509 2088 540 2152 οἰ
567 2092 713 2174 πρέσβεις
733 2087 931 2168 ξυνελθόντες
950 2112 985 2152 τε
1005 2091 1061 2153 καί
1077 2090 1123 2165 εἰς
1142 2092 1176 2153 ἓν
1206 2084 1336 2170 γενόμε-

250 2211 300 2254 νοι
321 2187 400 2253 κατοὶ
435 2188 472 2273 (λη’
502 2185 542 2253 τό
564 2184 638 2273 όρια
665 2193 721 2273 τῆς
746 2192 787 2252 ἕω
816 2187 850 2268 ἐξ
879 2186 1061 2273 οἰμφοτέρας
1080 2188 1259 2268 πολιτείας,
1280 2185 1336 2273 την

250 2287 376 2372 εἰρήνην
407 2282 492 2363 ὅπως
511 2290 730 2371 &parotium
761 2290 832 2353 όέον
852 2282 1112 2368 διασκειμόμενοι,
1133 2284 1286 2373 γλαφυρά
1304 2308 1383 2350 τοι

251 2389 308 2450 καί
330 2391 457 2449 ποικιλα
486 2384 618 2471 ῥήματα
645 2391 771 2452 ἕκαστοι
793 2380 1044 2472 οἰιιορίῥιλμαιτες,
1070 2381 1207 2460 εἰπόντες
1228 2409 1263 2449 τε
1284 2382 1338 2448 καί

252 2481 417 2568 ἀκηκοότες
436 2482 475 2549 τό
508 2482 568 2550 όοα
588 2484 713 2570 χρειόν,
742 2483 837 2568 τυχὸν
857 2488 912 2551 καί
931 2482 971 2550 τό
994 2480 1055 2550 ὅσα
1073 2483 1119 2571 μη
1135 2483 1266 2570 χρεών,
1287 2484 1336 2550 τέ·

323 2620 347 2655 a.
367 2592 422 2654 ότιό
442 2603 486 2666 λλ,
504 2601 553 2654 ἰπὶ
571 2603 642 2672 vulg.
727 2605 753 2656 6.
774 2605 823 2656 καλ
840 2618 891 2654 om.
910 2602 952 2654 ed.
973 2602 1029 2656 Par.
1074 2638 1076 2641 .
1136 2623 1162 2673 γ.
1181 2602 1335 2674 §pellectos

305 2672 393 2743 ,vulp
485 2690 523 2728 so.
543 2670 576 2732 ἅς
593 2675 639 2737 Β.,
656 2669 694 2732 όίς
713 2675 783 2744 vulg.
892 2692 930 2728 ss·
948 2676 997 2739 τῆς
1014 2673 1080 2732 πολ.
1101 2675 1173 2746 vulg.

250 2775 315 2828 Ioco
340 2776 524 2829 convenirent,
575 2777 689 2829 Romani
714 2778 863 2847 petebant,
896 2786 1059 2841 conventum
1085 2780 1128 2847 agi
1157 2780 1187 2831 in
1213 2775 1336 2831 finitimis

252 2847 337 2899 Daras
354 2847 438 2908 locis,
457 2850 559 2917 quippe
571 2864 641 2917 quae
658 2866 706 2900 sun
725 2859 822 2902 essent.
859 2846 959 2900 Contra
978 2848 1071 2901 Persae
1090 2847 1234 2915 dicebant,
1251 2863 1342 2917 quen·

256 2917 403 3036 depuidem
425 2933 456 2969 ea
480 2920 543 2987 urbs
566 2921 630 2971 'iure
654 2919 723 2970 belli
743 2919 868 2971 Romanis
881 2919 1004 2971 subiecta
1022 2928 1105 2979 esset,
1127 2938 1183 2971 non
1205 2916 1335 2970 averisi-

256 2989 293 3038 mi
308 2987 413 3039 itudine
436 2989 555 3040 alienum
577 3004 653 3050 esse,
674 3005 781 3040 omnem
798 2991 937 3057 regionem
958 2990 1028 3041 circa
1046 2989 1119 3040 illam
1138 3006 1232 3041 eorum
1250 2985 1335 3058 parti-

255 3057 307 3108 bus
327 3058 490 3119 adhaerere,
513 3073 604 3128 neque
623 3060 682 3111 illic
699 3058 735 3111 ad
752 3061 919 3130 colloquium
937 3060 1082 3127 convenire
1102 3068 1248 3128 oportere,
1272 3055 1332 3127 quia

256 3128 370 3183 minime
387 3131 460 3195 regio
480 3128 527 3180 illa
548 3138 620 3181 esset
638 3132 710 3180 iuter
729 3131 884 3183 limitaneas
912 3131 1055 3182 censenda.
1098 3131 1161 3181 Post
1189 3126 1271 3190 haee,
1295 3125 1330 3176 sic
1382 3159 1383 3162 κ

254 3196 327 3246 enim
347 3199 469 3265 utrisque
487 3200 592 3262 visum,
621 3198 656 3249 ad
674 3201 886 3270 colloquentium
917 3205 1103 3251 convenerunt
1131 3199 1160 3248 in
1186 3199 1263 3257 loeo,
1287 3194 1330 3264 qui
1368 3163 1383 3263 1

231 3265 520 3329 ·dicisurttrae10n,
542 3277 569 3319 et
589 3285 649 3319 cum
669 3272 725 3321 illis
747 3290 857 3342 quoque
875 3272 1018 3341 utriusque
1037 3268 1218 3338 reipublicae
1235 3267 1327 3336 princi·

153 3343 158 3353 “
254 3351 321 3404 pes,
346 3337 455 3405 quiens
476 3338 599 3405 regiones
618 3337 783 3392 incolebant.
803 3332 809 3348 ’
827 3342 888 3392 lllic
913 3341 943 3389 in
969 3339 1087 3391 medium
1113 3345 1325 3408 proposuerunt,
1382 3402 1383 3405 ρ

174 3407 176 3411 ’
256 3423 325 3476 quas
344 3408 415 3458 ultro
435 3408 559 3477 citroque
578 3411 772 3462 existimabant
789 3410 890 3463 habere
909 3427 937 3461 se
956 3419 1051 3462 multuo
1072 3407 1219 3461 accusandi
1231 3422 1325 3465 auses,
1378 3405 1383 3463 l

257 3493 329 3549 quae
347 3477 417 3528 alter
434 3479 553 3547 populus
574 3479 652 3530 alteri
672 3480 770 3533 (lamna
787 3482 928 3533 intulisset
957 3489 1005 3533 aut
1023 3478 1126 3532 bellum
1146 3481 1237 3533 iacere
1255 3492 1325 3547 pree·

256 3555 420 3617 occupasset
457 3550 553 3617 ltaque
573 3567 633 3600 cum
657 3554 767 3620 utrique
793 3554 884 3622 plures
904 3567 1040 3602 sermones
1063 3568 1145 3618 super
1164 3549 1217 3602 hac
1244 3567 1272 3600 re
1293 3547 1325 3598 it·

257 3626 390 3680 ctassent‚
411 3626 439 3668 et
456 3620 645 3690 unusquisque
661 3621 791 3686 abunde,
811 3640 866 3694 quo
885 3638 914 3672 se
931 3636 995 3672 suae
1014 3623 1142 3690 patrino,
1156 3629 1190 3672 ut
1208 3618 1324 3675 decebat.

202 3693 205 3698 ’
256 3686 391 3741 amantem
410 3697 439 3739 et
456 3688 606 3741 studiosum
625 3692 782 3745 ostenderet
799 3695 885 3744 iustas
897 3729 905 3753 ‚
917 3693 1054 3753 rationes,
1073 3689 1174 3763 quibus
1193 3708 1251 3744 eam
1274 3697 1324 3741 tur·

256 3768 331 3811 retur
349 3769 378 3811 ct
394 3758 564 3819 defenderet.
584 3762 738 3826 attulisset,
752 3763 862 3816 tandem
874 3761 956 3832 primi
964 3763 1076 3813 Romani
1092 3763 1252 3814 concionem
1264 3749 1325 3830 sputi

255 3836 418 3881 conventum
435 3828 599 3881 habuerunt

325 3899 366 3967 τό.
404 3901 497 3969 Legati
525 3903 717 3955 convenientes
744 3903 819 3953 etin
837 3920 921 3954 unum
940 3905 1074 3972 congressi
1095 3901 1129 3954 ad
1151 3902 1219 3954 fines
1236 3896 1323 3965 Orien

255 3972 291 4022 tis
313 3971 347 4021 ab
373 3979 489 4054 utroque
509 3989 607 4042 regno,
637 3980 667 4023 ut
693 3972 873 4040 dispicerent‚
899 3972 1035 4045 quomodo
1061 3990 1154 4042 pacem
1174 3964 1322 4024 firmant·-

257 4047 364 4100 cerent,
380 4041 485 4092 lubrica
502 4051 530 4094 et
554 4042 680 4110 ambigua
707 4041 788 4094 verba
807 4044 943 4112 utrimque
961 4045 1109 4096 emiserunt
1118 4080 1127 4105 ,
1145 4052 1174 4096 et
1192 4058 1260 4113 quse
1279 4029 1321 4103 (lid

213 4124 217 4135 ·
258 4110 395 4178 oportuit,
412 4109 542 4165 dixerunt
558 4121 587 4165 et
606 4110 768 4177 audierunt,
800 4121 829 4164 et
845 4113 916 4167 sorte
935 4131 1008 4183 quae
1025 4114 1138 4167 minime
1158 4113 1214 4167 slici
1232 4106 1320 4164 debat·
