2724 5092
183 245 260 298 100
628 236 789 299 EUNAPH

168 392 355 477 τυραννίδα,
376 386 457 456 ὥστε
479 384 620 466 ἀπέδειξε
641 387 763 474 χρυσόν
783 386 840 470 τήν
862 386 1119 472 τραγριδοσμέιην
1141 405 1260 474 τυραν-

108 524 112 537 *
174 493 264 559 νίδα·
306 488 387 556 ositos
408 493 464 556 καί
483 483 622 571 τοῦνομα
643 498 708 564 τοῖς
728 485 831 572 ἔργοις
850 490 960 573 μακρηῖ
980 487 1139 568 παρῆλθε·
1183 485 1261 544 παί-

174 594 239 657 δων
256 593 317 674 μὲν
336 589 396 675 γάρ
419 581 456 653 esi
475 584 644 673 γεγονότων
664 582 789 674 ύβρεις,
812 584 864 649 διὰ
885 583 920 649 τό
941 581 1095 668 σύνηθες,
1125 574 1200 644 ούδδ
1220 575 1261 642 ύ-

174 695 263 778 βρεις
282 692 505 774 ἐνομίσθησαν,
526 688 593 752 ἀλλ’
613 680 651 773 ἦν
672 683 832 771 ἐγκύκλιον
853 685 940 772 αύτῷ
960 681 1016 748 καί
1033 677 1203 767 πρόχειρον
1221 676 1259 743 τό

173 791 213 857 τά
237 794 371 855 τοιαῦτα
392 787 604 875 ἀμαρτάνειν·
647 784 721 851 ὅδὲ
749 781 926 869 ἐγκλήματά
954 807 989 848 τε
1017 783 1187 848 ἀνέπλαττε
1207 778 1282 844 καί5

162 891 297 970 ’ἐδίκαζε
318 897 383 964 τοῖς
405 888 644 968 ἀδικουμένοις,
666 888 721 949 καί
739 889 803 949 τῶν
823 885 1035 965 δικαζομένων
1057 873 1161 955 ούδείς
1178 875 1261 945 ε’σιύ-

174 989 258 1066 ζετο·
303 983 382 1051 ὅπου
403 1010 438 1070 γε
459 991 574 1070 πολλῆς
596 978 691 1068 ούσης
710 987 765 1048 καί
784 978 955 1067 ἀδιηγήτου
977 983 1033 1064 τῆς
1053 981 1178 1067 φθορᾶς
1198 1001 1261 1041 πα-

121 1075 124 1080 ’
172 1082 396 1171 ρηναλίσκοντό
418 1107 499 1160 τινες
519 1088 583 1148 τῶν
603 1081 819 1164 εάδαιμόνων,
859 1077 964 1165 ἀίσπερ
998 1081 1033 1145 ἐν
1062 1085 1174 1153 κοινοῖς
1194 1073 1261 1140 δεί-

173 1209 263 1261 πνοις
284 1183 502 1270 ἀλεκτορίδες,
536 1187 569 1261 ἐς
589 1182 647 1269 την
668 1180 819 1268 Κυρίνου
834 1176 975 1268 τρυφήν·
1017 1181 1200 1263 μεμνῆσθαι
1223 1177 1261 1240 δὲ

173 1287 236 1350 τῶν
255 1285 530 1365 κατακοπτομένων
554 1281 682 1369 ἔφασκε,
714 1285 777 1347 τῶν
795 1284 854 1364 μὲν
874 1275 922 1346 ὅτι
943 1279 1001 1344 οάκ
1024 1278 1179 1366 ἐπῄνεσαν
1200 1269 1302 1340 usi-10

173 1388 232 1448 τοῦ
252 1384 287 1447 τδ
308 1386 449 1464 κάλλος,
469 1388 531 1449 τῶν
552 1386 587 1450 δὲ
617 1379 668 1463 ὅτι
688 1384 836 1466 λέγοντα,
859 1375 910 1445 ὅτε
930 1371 969 1466 ἦν
989 1375 1173 1465 μειράκιον,
1204 1376 1261 1459 osis

173 1478 378 1565 ἐθαύμασαν,
403 1482 446 1558 ἀς
467 1485 633 1566 ἐβούλετο·
673 1480 856 1547 ἀπώλλυντο
879 1481 915 1545 δέ
934 1503 1017 1555 τινες
1036 1476 1092 1542 καί
1108 1480 1262 1561 γελάσαν-

171 1607 222 1660 τες
243 1585 380 1647 ἐναντίον
402 1577 503 1648 αύτοιῖ
521 1606 609 1665 ποτε,
631 1580 686 1647 καί
704 1576 807 1645 πάντα
828 1573 868 1663 ἦν
888 1578 991 1644 αύτού
1009 1574 1173 1665 βαρύτερα
1194 1577 1263 1640 διο-

173 1683 314 1766 σημείας,
335 1684 392 1747 καί
411 1681 527 1747 ἑλύττα
549 1686 584 1749 ἐν
603 1684 714 1764 μέσοις
732 1686 797 1756 τοῖς
816 1675 975 1765 ὑπηκόοις.
1020 1681 1096 1744 Voc.
1119 1680 1262 1759 Καρίνας

173 1783 257 1867 conf.
283 1806 354 1847 essm
375 1784 558 1867 διοσημεία,
581 1779 761 1865 ἐγκύκλιον,
782 1781 910 1869 μακρῷ,
931 1774 1024 1863 ὕβρις
1044 1770 1176 1864 φυτεύει
1204 1767 1302 1839 ssi-15

174 1903 299 1964 ραννον.

77 1993 169 2050 asoa
255 1976 294 2062 ἀ.
332 1976 369 2046 Ὁ
389 1983 425 2045 δὲ
444 1979 572 2067 τοξότης
592 1985 683 2069 η’φίει
707 1984 816 2065 βέλος,
850 1970 1001 2061 εύστοχος
1029 1968 1073 2040 ἀν
1092 1973 1261 2048 τοσούτους

172 2081 378 2158 κατακαίνειν,
401 2075 461 2144 ὅσα
482 2075 572 2167 ἠφίει
592 2085 680 2165 βέλη.
726 2083 804 2149 Voc.
825 2079 1035 2143 κατακαίνειν.

253 2173 292 2261 γ’.
336 2177 483 2263 Καρικόν
503 2182 605 2262 δόμα.
651 2183 728 2251 Voc.
749 2179 887 2266 καρικόν.
1040 2170 1041 2173 “

256 2273 296 2340 δ’.
337 2273 490 2360 Μύξιμός
509 2303 544 2342 τε
564 2281 622 2344 καί
639 2282 783 2365 Πρίσκος
803 2274 897 2362 λόγου
918 2279 976 2359 μὲν
995 2273 1185 2357 μετειχὲτην,
1205 2271 1303 2354 τῆςὶθ

173 2376 209 2438 δδ
238 2376 300 2437 τῶν
331 2377 441 2438 κοινῶν
462 2377 517 2440 καί
535 2371 704 2463 ύπαίδρων
732 2377 844 2462 πείρας
867 2371 1060 2460 πραγμάτων
1081 2369 1261 2453 ἐλάχιστον.

176 2473 253 2538 Voc.
275 2470 455 2558 ύπαίθριον.

175 2690 223 2744 vit.
260 2691 306 2743 Sic
323 2695 352 2742 et
368 2691 458 2760 ipsum
482 2706 582 2742 nomen
602 2692 683 2744 factis
710 2691 790 2774 longe
810 2693 957 2761 superavit.
993 2690 1060 2742 Nam
1088 2690 1181 2759 pueris
1198 2687 1263 2757 qui·

176 2758 238 2813 dem
256 2759 398 2812 nobilibus
424 2763 543 2814 iniuriae
580 2778 609 2814 er
625 2763 818 2815 contumeliam
836 2763 946 2824 illatae,
995 2770 1088 2830 ropter
1110 2766 1263 2812 eonsuetu-

175 2828 286 2894 dinem,
309 2847 344 2882 nc
363 2832 482 2882 iniuriae
502 2832 549 2902 qui
571 2848 614 2882 cm
640 2833 881 2897 existimabantur,
906 2833 954 2884 sed
972 2779 1129 2883 buiusmodi
1152 2835 1261 2898 peecata

176 2910 254 2953 erant
273 2903 326 2972 ipsi
345 2902 491 2953 familiaria
510 2912 539 2954 et
549 2903 719 2972 quotidiana.
756 2903 832 2956 Idem
851 2906 934 2957 etiarn
948 2904 1062 2954 crimina
1075 2901 1262 2953 comminisce-

175 2969 273 3033 batur,
300 2980 328 3023 et
346 2974 388 3022 ius
407 2972 517 3025 dicebat
535 2974 608 3037 iilis,
635 2974 736 3043 quibus
755 2973 856 3026 iniuria
875 2973 973 3036 fiebat,
1000 2979 1028 3024 et
1046 2972 1139 3023 nuilus
1157 2985 1263 3030 corum,

176 3043 224 3109 qui
248 3042 276 3093 in
300 3042 403 3093 iudicio
430 3042 591 3113 litigabant,
616 3044 760 3096 incolumis
784 3042 923 3097 evadebat.
961 3042 1029 3095 Cum
1057 3044 1132 3093 enim
1158 3039 1263 3091 multae

176 3118 205 3163 st
219 3111 371 3163 ineffabiles
391 3111 485 3164 caedes
504 3116 616 3177 fierent,
637 3114 749 3184 quidam
770 3132 785 3167 e
804 3114 892 3166 beatis
911 3113 1003 3167 obiter
1020 3109 1263 3172 consumebantur,

174 3189 207 3231 ut
228 3183 257 3232 in
278 3182 467 3234 communibus
486 3185 575 3252 epulis
594 3185 730 3253 gallinae,
759 3186 787 3234 in
805 3186 899 3238 Carini
920 3185 1040 3237 delicias.
1077 3179 1195 3235 Dicebat
1212 3197 1264 3231 au·

174 3257 246 3314 tem,
273 3268 301 3304 se
323 3254 481 3304 meminisse
507 3270 619 3318 eorum,
649 3256 697 3327 qui
718 3272 767 3306 suo
786 3257 862 3306 iussu
887 3254 1117 3314 concidebantur,
1145 3266 1263 3372 guonrrn

175 3321 243 3372 aiios
270 3322 381 3392 quidem
401 3323 465 3374 idco
490 3342 582 3379 caesos
607 3325 736 3389 dicebat,
759 3325 834 3395 quod
854 3341 929 3376 saram
947 3326 1061 3377 formam
1079 3339 1136 3377 non
1165 3321 1263 3373 audas-

174 3397 253 3454 scnt,
279 3393 347 3442 aiios
366 3401 475 3456 autem,
504 3396 580 3468 quod
597 3412 625 3447 sc
643 3397 796 3458 dicentem,
816 3395 880 3446 dum
899 3395 988 3448 adhuc
1006 3401 1077 3448 esset
1093 3392 1263 3448 adolescens,

173 3477 230 3512 non
253 3461 382 3514 admirati
400 3463 524 3531 fuissent,
552 3474 583 3516 ut
606 3467 749 3529 votuissct3
771 3463 901 3533 peribunt
922 3466 1004 3517 etiam
1029 3463 1167 3526 nonnulli,
1186 3459 1264 3532 quod

175 3547 264 3584 coram
284 3534 344 3602 ipso
367 3533 496 3586 risissent.
533 3539 661 3608 Denique
680 3536 772 3587 omnia
795 3538 853 3586 cius
876 3535 946 3589 faeta
966 3534 1097 3605 prodigiis
1121 3540 1150 3586 et
1169 3539 1264 3584 osten·

175 3603 211 3653 tis
230 3613 307 3654 erant
342 3604 462 3669 rariora,
485 3614 513 3659 et
531 3607 560 3659 in
578 3604 675 3657 mediis
694 3605 823 3674 populis,
847 3606 905 3656 eius
929 3606 1045 3675 imperio
1066 3601 1264 3656 subiectiora·

174 3669 221 3723 bic
239 3621 418 3740 grassabatur.

246 3761 269 3795 a.
307 3744 467 3812 Sagittarius
486 3754 577 3797 autem
596 3748 720 3813 sagittam
739 3746 842 3807 emisit,
861 3762 945 3815 quum
967 3752 1039 3798 essct
1055 3741 1193 3795 iaculandi
1211 3757 1262 3812 pe·

175 3810 262 3874 ritus,
282 3814 350 3866 adeo
373 3824 405 3868 ut
421 3823 463 3866 tot
481 3814 606 3867 homines
624 3816 803 3880 interficeret,
827 3824 897 3886 quot
913 3819 1025 3887 sagittas
1043 3815 1191 3872 emitterct,

245 3885 269 3936 ³.
306 3883 400 3937 Carica
420 3887 540 3939 victima.

247 3951 271 4019 4.
308 3953 443 4006 Maximus
462 3964 491 4007 et
509 3957 614 4007 Priscus
632 3956 797 4008 eruditionis
815 3956 925 4026 quidem
946 3961 1024 4009 erant
1057 3953 1194 4021 anticipes,
1213 3951 1262 4006 sed

178 4021 358 4141 {fiiiffibum
369 4026 503 4095 gerendae
516 4034 544 4077 et
575 4041 665 4078 rerssm
686 4026 853 4079 subdiaiium
878 4028 1017 4081 minimam
1037 3971 1184 4077 babebant
1209 4040 1261 4076 no·
