2774 5122
225 236 307 322 362
447 237 451 245 '
663 252 930 327 cremara·

83 422 302 502 tuscanen,
335 415 377 494 οδς
400 409 441 482 δν
469 412 525 481 καί
552 415 617 481 olda
637 410 827 488 δπολαδοιεν
848 415 904 500 τῆς
923 409 1055 500 εδρὴνης.
1097 411 1126 496 ι’,
1157 406 1237 478 ὥστε
1254 413 1301 496 μη

78 494 440 623 ιιι1331·ῑηῗῑπολυπληθίαν
466 517 605 603 στρατοῦ
625 515 658 589 ές
674 514 708 580 τό
730 512 841 597 Δέρας
874 513 1051 595 ένιζδνειν,
1080 512 1161 599 πλὴν
1191 506 1247 597 ὅση
1266 534 1302 594 ys

166 601 173 618 ⁸
222 618 349 702 α’ρκέσει
377 613 457 702 πρός
486 610 634 700 φυλακην
664 615 724 676 τοῦ
761 605 879 689 όστοος.
920 610 996 699 μήτε
1028 615 1064 679 δὲ
1093 611 1147 679 τόν
1175 616 1232 697 τῆς
1260 611 1303 676 ἕω

219 711 393 799 στρατηγόν
412 708 491 778 κατοὶ
511 709 629 797 ταότην
659 709 868 796 ἐνιδρῦσθαι,
895 716 954 777 τοὺ·
974 710 1019 797 μῆ
1039 713 1078 782 ὲκ
1105 714 1162 776 τοῦ
1179 713 1303 776 τοιοῦδε

152 826 156 838 ”
218 811 392 898 ἐπιδρομὰς
416 806 441 897 ἢ
469 810 590 895 βλάβας
618 810 763 894 γίνεσθαι
782 809 863 875 κατὰ
885 814 1033 898 Περσῶν.
1074 814 1105 876 σι’
1128 813 1163 874 δέ
1182 833 1218 895 γε
1238 804 1322 892 δραὸ

217 935 249 977 τι
274 914 413 976 τοιοῦτον
440 914 658 994 ξυνενεχθείη,
686 907 850 995 έπαγιςόθη
877 907 931 975 τόν
954 904 1095 997 ἄρχοντα
1113 913 1171 976 rod
1190 909 1303 995 Δέρας

220 1011 405 1075 διατιθέναι
421 1005 706 1094 τόπλημμεληθέν.
746 1008 808 1090 μία
827 1007 965 1099 πρός-τῇ
988 1010 1100 1101 δεκάτη
1122 1012 1188 1075 τοῖν
1207 1033 1303 1075 σπον-

145 1125 148 1135 “
219 1111 285 1172 δαν
312 1111 498 1190 βεβαίοοσις,
528 1104 628 1189 dara,
659 1109 690 1174 εἰ
717 1104 807 1186 πόλις
834 1107 944 1195 ἑτέραν
978 1107 1129 1193 ζημιώσαι
1155 1105 1247 1173 πόλιν
1281 1101 1304 1194 ἢ

220 1206 364 1274 ὁπωσοῦν
387 1209 618 1293 διαφθείροντι
636 1208 837 1292 redundatio,
858 1207 903 1295 μη“
925 1212 969 1296 τῷ
986 1206 1069 1297 νόμῳ
1087 1211 1146 1272 τοῦ
1165 1210 1303 1290 πολέμου

184 1304 298 1392 Durine
325 1303 390 1391 μην
417 1303 552 1387 δυνάμει
578 1311 803 1396 στρατιωτικῇ,
841 1300 944 1385 ἄλλοις
978 1311 1014 1374 δὲ
1049 1304 1128 1395 δόλῳ
1154 1309 1221 1372 τινί
1249 1304 1340 1371 natu

218 1409 317 1493 κλοπῇ
327 1405 442 1471 -οἰσί
466 1402 528 1491 μοὶρ
556 1405 671 1471 τοιοίδε
699 1410 783 1484 τινές
812 1401 1011 1494 οἷνοσιουργοί
1029 1405 1059 1473 οδ
1077 1408 1179 1472 ταῦτα
1200 1403 1303 1492 πρόσ-

215 1528 344 1588 σοντες,
364 1502 408 1579 οδς
427 1499 468 1569 δν
497 1508 633 1586 πολέμου
654 1502 754 1571 έσοιτο
774 1504 960 1594 πρόφασις·
980 1501 1158 1592 ἐβεβαιώθη
1178 1529 1303 1591 τοιγαρ.

216 1608 275 1669 οὖν
305 1602 346 1669 τό
367 1603 593 1690 τοιουτότροπα
622 1598 792 1690 ἀναζητεῖν
812 1608 846 1680 ές
865 1603 900 1670 τό
923 1602 1073 1691 ἀκριβὲς,
1093 1607 1150 1670 κατ’
1168 1605 1302 1689 έπανορ..

213 1705 356 1769 θοδσθαι
377 1699 453 1779 roric
473 1701 626 1779 δικαστὰς
646 1702 723 1781 τοός
743 1707 778 1770 έν
797 1714 862 1781 τοῖς
890 1709 1027 1789 πέρασιν
1046 1700 1195 1788 ἑκατέρας
1214 1708 1302 1768 πολι-

214 1808 302 1879 τείας
330 1801 526 1890 ἱδρυμένους.
567 1805 598 1870 εἰ
627 1804 665 1869 δέ
693 1827 730 1889 ys
758 1806 854 1871 αδτοί
877 1805 934 1869 οδκ
955 1801 1080 1871 ἔσονται
1099 1802 1203 1869 ἱκανοί
1222 1799 1337 1867 οἴνα-ιδ

214 1905 352 1969 στέλλειν
368 1901 427 1979 τὰς
444 1901 521 1989 πρὸς
542 1903 697 1989 α’λλὴλους
714 1907 777 1971 τῶν
791 1904 1017 1990 ἀστυγειτόνων
1031 1901 1172 1992 φθορὰς,
1193 1903 1302 1987 έστέρ-

211 2005 299 2089 χθη,
331 1997 415 2068 uinta
434 2001 502 2087 την
515 2002 719 2070 διαδικασίαν
751 2005 996 2086 α’ναπέμπεσθαι
1023 2003 1067 2079 ὥς
1097 2000 1154 2070 τόν
1182 2005 1240 2086 τῆς
1259 2003 1302 2066 to

213 2099 403 2187 reparamina,
428 2101 493 2183 σός,
523 2100 558 2168 εἴ
575 2127 609 2187 γε
631 2102 707 2170 εἴσω
734 2106 843 2189 μηνῶν
871 2107 905 2183 ἓξ
934 2101 978 2187 μὴ
1010 2105 1147 2187 τμηθείη
1181 2100 1222 2168 τό
1249 2105 1303 2184 τῆς

96 2279 101 2290 l
210 2199 344 2287 δμιλλης
362 2202 418 2266 καί
438 2200 457 2266 δ
479 2201 648 2288 ζημιωθείς
670 2202 714 2288 μη“
735 2202 874 2287 λήψεται
895 2201 931 2266 τό
952 2197 1135 2286 οἷπολοιλδς,
1157 2194 1303 2283 arianida-

126 2313 155 2372 Ρ.
166 2296 356 2384 ιηακιὶσαντα
373 2298 480 2366 λοιπόν
496 2302 552 2367 έπέ
568 2307 662 2389 ποινῇ
675 2305 708 2376 ές
723 2299 759 2367 τό
777 2299 940 2368 διπλάσιον
959 2303 1005 2390 τῷ
1024 2295 1200 2389 ἠδικημένῳ
1223 2293 1337 2364 elram

214 2399 408 2465 δπεόθυνον.
449 2398 509 2483 ὥς,
531 2397 566 2465 εἴ
587 2424 623 2483 γε
642 2403 726 2486 μηδὲ
746 2396 827 2467 οὕτω
847 2403 946 2486 πέρας
966 2400 1039 2484 ἕξοι,
1062 2398 1244 2484 διετυποέθη
1264 2398 1300 2463 τό

214 2502 333 2566 πονοῦν
352 2502 449 2585 μέρος
469 2499 640 2582 πρεσβείαν
660 2503 798 2565 στέλλειν
819 2500 862 2577 ὥς
882 2498 939 2565 τόν
959 2501 1093 2583 βασιλέα
1113 2502 1171 2566 curi
1191 2499 1302 2584 ἠδικη-

216 2595 315 2676 κότος.
350 2594 418 2664 εἶτα
439 2601 470 2663 εἰ
489 2601 571 2684 μηδὲ
591 2596 654 2686 aiud
676 2603 734 2665 tori
752 2602 908 2684 βασιλέως
930 2597 1096 2686 γενήσεταί
1114 2599 1145 2665 οἱ
1164 2597 1201 2666 τό
1224 2600 1302 2663 α’πο·

283 2732 430 2858 ληδάριον
446 2737 486 2802 n,
505 2731 586 2807 έτέρα
604 2737 674 2808 vulg.
766 2755 804 2808 ιη.
824 2734 1008 2792 διαδικασίαν
1032 2737 1083 2803 E,
1111 2724 1159 2790 διδ
1186 2735 1301 2801 δικαίαν

284 2825 356 2878 vop,

216 2935 319 2991 diendo
339 2936 443 3008 oppido
461 2939 527 2992 satis
546 2939 596 3002 sit,
615 2937 775 2998 conveniat,
789 2952 880 3008 neque
898 2937 952 2990 dux
961 2938 1083 2993 Orientis
1103 2938 1173 2990 clr'ca
1191 2953 1224 2990 ea
1240 2937 1301 2991 loos

216 3017 414 3072 commoretur,
432 3025 468 3061 ne
486 3010 554 3061 fiant
572 3007 637 3061 inde
657 3011 829 3061 excursiones
849 3011 878 3059 iu
894 3007 1001 3072 Persas,
1021 3018 1049 3062 ct
1067 3008 1163 3061 damna
1182 3009 1240 3061 illis
1258 3009 1300 3059 in·

216 3078 347 3129 ferantur,
384 3078 491 3148 Quodsi
510 3077 577 3150 quid
597 3081 652 3132 talc
671 3079 744 3132 conti
764 3079 837 3143 erit,
873 3083 1005 3131 statutum
1024 3087 1080 3142 eat,
1098 3089 1129 3131 ut
1147 3081 1299 3149 praefectus

214 3146 301 3200 Daras
317 3147 413 3216 oppidi
426 3148 556 3201 damnum
576 3150 718 3218 rependat.
760 3148 884 3200 odecimo
895 3149 1015 3201 foederis
1026 3149 1148 3202 conditio
1159 3148 1229 3201 haec
1243 3156 1299 3199 eat:
1375 3188 1384 3196 .

216 3218 246 3269 Si
260 3235 314 3269 uua
331 3219 426 3270 civitas
440 3221 520 3272 alteri
536 3218 701 3272 detrimento
714 3219 808 3282 suerit,
821 3228 849 3272 et
866 3236 1032 3290 quocunque
1049 3218 1141 3281 modo,
1160 3236 1218 3269 non
1231 3217 1301 3286 legi·

214 3289 284 3340 timo
298 3288 385 3351 bello,
406 3305 497 3360 neque
514 3290 695 3353 exercitusvi,
715 3289 836 3342 seddolo
855 3298 883 3342 et
904 3290 1081 3342 clandestina·
1092 3289 1235 3342 invasione
1253 3289 1301 3341 da·
1334 3346 1338 3354 ,

214 3373 308 3410 mnum
319 3359 455 3421 intulerit,
465 3360 541 3430 (aunt
551 3362 624 3412 enirn
637 3360 717 3414 multi
736 3361 861 3412 homines
881 3360 1082 3413 adhuiusmodi
1099 3361 1221 3412 facinora
1240 3375 1302 3429 perb

214 3428 346 3499 petranda
360 3429 506 3482 admodum
523 3429 666 3499 proclives,
683 3449 738 3500 quo
752 3431 820 3482 belli
839 3430 904 3481 inde
919 3431 1025 3485 occasio
1038 3431 1160 3501 oriatur,)
1170 3437 1300 3482 statutum

215 3505 327 3560 est,=ut
344 3499 374 3551 in
392 3500 527 3553 eiusmodi
545 3500 662 3560 iniurias
678 3501 826 3572 diligenter
843 3500 1007 3571 inquiratur,
1026 3511 1054 3553 et
1068 3500 1185 3563 iudices,
1205 3499 1255 3571 qui
1272 3501 1301 3552 in

213 3571 360 3641 utriusque
378 3587 407 3624 re
445 3571 600 3625 iconliniis
619 3573 671 3625 iuri
693 3571 813 3624 dicundo
838 3579 902 3621 sunt
929 3571 1097 3654 praepositi,
1124 3572 1153 3620 in
1171 3586 1219 3623 eos
1238 3570 1301 3622 ani-

212 3639 392 3693 madvertant
440 3642 468 3693 ui
479 3645 502 3693 si
515 3641 672 3695 coercendis
681 3642 859 3694 finitimorum
874 3640 995 3694 dissidiis
1006 3657 1062 3691 non
1076 3640 1224 3703 sufficiant,
1238 3656 1301 3692 san·

214 3712 297 3774 citur,
311 3718 343 3762 ut
358 3710 523 3783 disceptatio
535 3712 570 3763 ad
583 3713 750 3783 praelectum
763 3710 884 3764 Orientis
900 3713 1110 3772 transmittatur,
1129 3712 1179 3781 qui
1194 3712 1216 3761 si
1228 3710 1300 3761 intre

213 3798 261 3834 sex
278 3798 384 3835 menses
411 3785 627 3837 concertationer
655 3785 718 3836 illas
742 3799 798 3834 non
816 3782 984 3844 resecuerit,
1012 3788 1041 3833 et
1059 3779 1158 3833 damno
1189 3782 1299 3832 affectus

213 3869 270 3906 non
289 3857 433 3922 receperit,
457 3853 534 3925 quod
550 3852 687 3925 perdidit,
709 3869 781 3916 enm,
803 3855 851 3922 qui
869 3851 997 3904 iniuriam
1021 3851 1126 3912 intulit,
1150 3850 1300 3903 obnoxium

212 3922 272 3977 sore
294 3923 374 3976 alteri
395 3927 424 3978 ln
442 3925 563 3995 duplum.
598 3923 629 3978 Si
650 3943 684 3978 ne
705 3921 874 3994 sicquidem
893 3939 934 3975 res
953 3923 1036 3974 linem
1057 3921 1210 3991 acceperit,
1227 3937 1299 3990 pars,

212 4008 285 4114 puae
309 4011 437 4065 oppressa
462 3990 555 4060 luerit,
582 3995 744 4063 legationem
768 3996 861 4047 mittat
883 3992 918 4045 ad
945 4009 1034 4063 regem
1062 3993 1136 4054 eins,
1167 3992 1217 4062 qni
1243 3992 1298 4044 rim

225 4061 323 4124 lecerit,
352 4083 368 4117 a
393 4082 448 4136 quo
468 4083 530 4137 rege
555 4065 682 4123 damnum
703 4067 726 4116 si
755 4082 810 4117 nou
829 4063 1014 4132 rependatur,
1042 4078 1134 4134 neque
1160 4060 1300 4132 duplicem

211 4130 332 4194 ¹ttlurlae
357 4138 562 4195 restitutionem
580 4135 669 4190 laesus
692 4138 768 4189 lutra
782 4136 979 4208 praescriptum
1004 4135 1071 4187 anni
1097 4140 1206 4205 tempus
1228 4130 1300 4186 aocl-
1344 4150 1345 4153 ¹
