2724 5092
333 573 359 633 E
388 575 505 637 PETRI
534 575 712 642 peruicit
745 576 949 642 HISTORIA.
983 532 988 539 ¹·
1107 582 1182 664 ¹27

97 729 152 791 καί
166 724 234 810 χρη
255 721 399 810 καθάπερ
431 721 620 813 όφθαλμοός
652 730 711 815 την
731 727 843 819 ἑτέραν
864 741 906 821 τῇ
924 737 979 817 τῆς
1001 727 1111 821 ἑτέρας
1131 739 1251 796 τεο-λθ
1268 757 1317 810 ²97

95 828 247 907 σμεῖσθαι
275 819 488 910 λαμπρότητι,
524 826 643 915 καὶμὴ
663 829 743 917 πρός
764 826 926 919 ἀναίρεσιν
945 828 1069 897 ἑαυτῶν
1092 811 1271 915 ipos-⁰³⁰⁸·
1285 817 1316 881 ’θ

14 970 18 987 .
93 922 193 1008 βαδόν
225 928 325 1011 μέχρι
355 923 473 1002 παντός
508 929 737 1012 χαλεπαίνειν.
777 935 868 997 τοῦτο
903 929 966 1017 γάρ
1001 931 1057 995 ουίι
1088 926 1185 1018 ἀρετὴ

94 1027 230 1107 μᾶλλον,
258 1022 339 1090 ἀλλά
360 1024 514 1114 κουφότης
535 1030 696 1110 νομίζεται
716 1023 739 1112 ἢ
757 1034 918 1113 μαλακία·
957 1028 1030 1106 τούς
1048 1029 1108 1118 γὰρ
1128 1055 1188 1113 με·

77 1123 334 1210 ὅτογενεστέρσυς
360 1125 496 1206 οἰόμενοι
526 1125 572 1210 μη
608 1125 770 1193 δόνασθαι
788 1127 915 1206 ἑαυτοῖς
934 1135 1065 1215 βοηθεῖν
1085 1146 1212 1216 σασα-Β

96 1220 232 1301 δάζονσι
273 1221 346 1298 τοός
385 1224 665 1309 ἀντιτεταγμένους
703 1230 837 1294 ἀνελεῖν.
878 1228 924 1314 μη
944 1233 1063 1316 χρῆναι
1082 1231 1190 1312 μέντοι

94 1324 176 1407 μηδὲ
203 1325 371 1408 Ναρσαῐον
400 1322 627 1411 ἀσθενέστερον
655 1325 782 1393 πόντων
811 1331 873 1393 sev
898 1322 1004 1393 ἀλλων
1032 1332 1190 1412 βασιλέων

95 1424 303 1504 νομίζεσθαι·
345 1422 425 1488 ἀλλά
454 1429 604 1492 τοσοῦτον
636 1429 698 1492 τῶν
731 1421 835 1493 ἀλλων
854 1431 1014 1511 βασιλέων
1034 1431 1066 1491 Γ
1064 1428 1191 1513 αλέριον

1 1515 2 1527 ’
95 1522 274 1607 όπερέχειν,
307 1520 390 1588 τόστε
412 1524 509 1590 αάτόν
529 1523 629 1617 τούτῳ
649 1523 736 1617 μόνῳ
759 1529 889 1604 δικαίως
911 1531 1078 1613 Ναρσαῖον
1099 1525 1193 1610 ἧιτῆ

64 1627 192 1704 roseae,
227 1626 331 1688 καίτοι
359 1625 416 1709 τῆς
441 1628 506 1691 ταῖν
527 1628 650 1693 οἰκείων
679 1628 839 1714 προγόνων
869 1628 960 1705 ἀξίας
988 1629 1192 1692 καταδεέστε-

95 1745 148 1807 ρον
171 1721 212 1785 οά
234 1719 432 1806 γενόμενον.”
474 1723 551 1810 πρός
579 1722 700 1802 τούτοις
728 1724 834 1811 ἔλεγεν
854 1725 871 1790 ό
894 1728 1087 1822 Ἀφραρβάν
1107 1727 1193 1792 ἐντε-

94 1821 213 1886 τάλθαι
236 1816 326 1911 αότηῖ
344 1822 431 1910 παρά
454 1825 634 1910 Ναρσαίου,
657 1821 699 1901 ὥς
721 1823 843 1908 ἔχοντες
864 1828 1053 1908 ἐπιείκειαν,
1076 1823 1112 1890 τό
1135 1829 1192 1910 τῆς

94 1922 211 1997 οἰκείας
230 1922 395 2004 βασιλείας
416 1926 538 1988 δίκαιον
557 1927 596 2013 τῇ
621 1924 795 2006 Ῥωμαίων
816 1927 988 2012 ἐπιτρίψαι
1005 1931 1193 2011 φιλανθρω-

93 2020 167 2110 πίᾳ.
207 2027 376 2108 τοιγαροῦν
394 2025 478 2110 μηδὲ
497 2023 573 2100 τοός
595 2020 708 2110 ὅρκους
728 2029 885 2108 κομίζειν,
917 2029 970 2113 ἐφ’
991 2020 1038 2101 οἷς
1058 2024 1122 2112 χρὴ
1142 2029 1192 2109 yi-

67 2122 208 2188 ιόνεσθαι
234 2120 293 2207 την
322 2120 467 2208 εἰρήνην,
503 2121 584 2188 ἀλλά
607 2123 644 2188 τό
668 2118 742 2190 όλον
760 2129 799 2213 τῇ
817 2123 925 2215 γνώμη
955 2128 1013 2189 τοῦ
1033 2128 1200 2208 βασιλέως

96 2222 240 2286 διδόναι.
292 2220 374 2308 πλην
405 2217 463 2288 ότι1
482 2230 666 2308 παρακαλεῖ
689 2222 765 2300 τούς
792 2228 911 2300 παῖδας
939 2220 1037 2306 μόνον
1057 2223 1114 2288 καί
1133 2222 1219 2300 selec

95 2319 234 2403 γαμετὰς
256 2322 342 2411 asisii
362 2324 571 2409 ἀποδοθῆναι,
595 2322 648 2388 διὰ
670 2327 725 2409 τῆς
745 2320 868 2389 τοότων
890 2323 1074 2398 ἀποδόσεως
1095 2324 1190 2386 πλέον

96 2413 291 2505 εὐεργεσίαις
316 2419 425 2507 ἔνοχος
441 2418 523 2489 εἶναι
539 2426 638 2507 λέγων
654 2416 675 2508 ἢ
691 2417 799 2497 ὅπλοις
811 2424 937 2508 περιιόν·
968 2416 1044 2486 siut
1058 2425 1116 2487 νῦν
1134 2418 1191 2485 δό-

96 2523 213 2583 νασθαι
228 2525 297 2584 κατ’
312 2523 405 2600 ἀξίαν
416 2521 555 2609 χάριτας
577 2521 750 2606 ὁμολογεῖν,
766 2517 813 2587 ότι
829 2524 863 2587 ἑν
874 2519 1080 2612 αἰχμαλωσίᾳ
1099 2516 1190 2605 γενό-

69 2642 182 2699 εομενσι
202 2621 259 2704 τῆς
281 2622 428 2689 ε’ντεῦθεν
443 2623 500 2687 osis
519 2621 737 2709 ἐπειράθησαν
758 2617 880 2708 ὕβρεως
887 2671 897 2701 ,
922 2621 993 2686 ἀλλ’
1006 2616 1091 2684 οότω
1103 2643 1191 2703 μετε-

96 2719 308 2804 χειρίσθησαν
326 2719 370 2797 σός
387 2725 427 2810 τῇ
442 2721 540 2813 οἰκείᾳ
555 2726 694 2811 εάγενείηι
713 2716 789 2788 όσον
803 2714 891 2786 οόπω
905 2717 1189 2806 ἀποδοθησόμενον.

97 2819 130 2899 ἐν
146 2815 273 2893 τούτοις
294 2821 339 2895 εἰς
353 2822 481 2908 μνήμην
500 2818 558 2909 η’γε
569 2825 630 2887 καί
640 2821 676 2888 τό
691 2824 756 2887 τεόν
769 2815 981 2906 ἀνθρωπίνων
995 2816 1189 2904 πραγμάτων

98 2910 339 3003 εόμετόβλητον.
381 2915 398 2983 ό
421 2923 456 2985 δὲ
479 2925 508 2986 Γ
507 2924 632 3008 αλὲριος
652 2921 733 3008 πρός
754 2922 856 2985 ταῦτα
877 2918 971 2997 δόξας
993 2918 1188 3004 ὀργίζεσθαι,

175 3048 216 3084 ιο.
234 3029 351 3099 ἔχοντος
368 3033 401 3086 Ν.
493 3039 530 3089 18.
550 3030 660 3107 περιιόν
677 3034 819 3096 Valesius,
837 3031 906 3101 περὶ
924 3018 965 3084 ἀν
982 3030 1053 3099 vulg.

98 3123 257 3189 luminaris,
276 3134 304 3176 et
322 3137 449 3197 oportere
470 3129 587 3180 alterum
605 3128 732 3189 ulterius,
751 3128 823 3177 sicut
842 3124 955 3187 oculos,
974 3123 1035 3174 lucc
1051 3131 1079 3175 ct
1092 3126 1187 3194 splen-

97 3193 160 3245 dore
181 3194 335 3260 illustrari,
358 3214 449 3270 neque
474 3198 508 3250 sd
526 3199 737 3251 exstinctionem
748 3206 778 3249 ct
797 3197 966 3247 eversionem
990 3193 1106 3245 invicem
1132 3192 1188 3246 sibl

96 3258 232 3317 molestos'
245 3275 274 3318 et
290 3285 383 3336 graves
403 3274 471 3320 este.
510 3269 568 3320 Hoc
587 3270 660 3321 enim
680 3286 737 3335 non
754 3266 855 3326 virtus,
875 3265 924 3315 sed
942 3264 1025 3332 magis
1044 3265 1140 3318 levites
1159 3271 1188 3316 et

96 3335 226 3389 mollities
255 3346 422 3393 censeretur.
458 3338 525 3391 Nam
555 3341 603 3422 qui
631 3338 774 3390 inferiores
794 3334 865 3386 nihil
888 3334 942 3385 sibi
960 3334 1089 3403 prodessc
1108 3352 1188 3405 posse

95 3413 204 3474 putant,
224 3416 359 3460 conantur
376 3425 433 3469 eos,
452 3411 500 3481 qui
520 3408 574 3462 sibi
593 3408 781 3471 adversantur,
794 3406 893 3458 tollere
913 3413 941 3457 et
960 3413 1088 3457 evertere.
1125 3407 1189 3460 Non

95 3487 222 3546 oportere
242 3485 332 3531 sutem
357 3480 507 3533 Norsseum
533 3479 661 3531 omuibus
679 3480 747 3530 eliis
771 3476 880 3546 regibus
899 3473 1109 3529 imbecilliorem
1129 3479 1189 3529 esi-

95 3551 219 3611 stimnre3
247 3549 295 3600 sed
314 3550 455 3603 Galerium
482 3559 558 3606 tauto
586 3550 701 3620 reliquie
729 3548 838 3619 regibus
864 3548 1032 3615 superiorem
1053 3563 1128 3610 esse,
1156 3555 1189 3599 ut

94 3616 128 3669 sb
146 3635 181 3669 eo
201 3620 261 3670 solo
280 3622 378 3673 merito
399 3622 534 3674 Narsseus
554 3622 642 3673 victus
662 3623 714 3683 sit,
738 3618 847 3671 tametsi
865 3635 901 3668 ne
921 3617 1055 3669 Nursueus
1073 3617 1188 3689 quidem
1227 3686 1228 3690 Ἰ

94 3705 110 3738 ε
136 3706 250 3740 suorum
269 3693 403 3743 maiorum
424 3695 525 3745 virtute
542 3692 623 3745 absit.
660 3691 802 3741 Praeterea
828 3687 900 3739 dixit
924 3687 1088 3755 Appherbnu
1107 3705 1188 3740 men·
1287 3711 1288 3714 ¹

94 3757 188 3811 datum
214 3761 268 3812 sibi
293 3761 379 3814 fuisse
406 3780 422 3813 a
442 3763 571 3826 Nemeseo,
591 3762 682 3813 omnia
701 3761 805 3829 proprii
830 3757 907 3825 regni
927 3758 987 3808 iure
1006 3763 1188 3811 ltomauorum

94 3828 259 3883 humanitati
276 3835 420 3896 committi,
440 3836 528 3903 ipsum
549 3850 666 3903 aequum
690 3848 748 3882 esse
770 3829 884 3881 ducere:
903 3843 994 3897 neque
1012 3829 1075 3880 ideo
1090 3827 1188 3880 eondi-

94 3901 193 3963 tioucs,
212 3901 315 3971 quibus
334 3921 428 3974 pacem
450 3905 508 3959 lieri
528 3904 621 3967 vellet,
637 3907 727 3973 ipsum
748 3902 829 3962 serre,
852 3897 901 3951 sed
918 3898 948 3950 isl
966 3916 1047 3951 omuc
1066 3900 1188 3967 impers-

94 3973 159 4023 toris
177 3972 295 4025 arbitrio
315 3977 482 4045 permittere.
515 3976 574 4028 Hoc
592 3974 682 4026 solum
703 3974 793 4043 ipsum
813 3968 932 4031 hortari,
953 3977 982 4019 ut
1000 3969 1055 4020 sibi
1074 3984 1188 4020 uxorem

95 4049 121 4093 et
139 4043 213 4095 filios
229 4042 370 4109 redderet,
389 4065 457 4117 quos
478 4047 501 4099 si
521 4049 673 4116 reciperet,
692 4043 780 4095 multo
799 4040 996 4093 devinctiorem
1015 4052 1046 4091 'se
1066 4038 1108 4088 illi
1127 4038 1187 4089 sore

95 4110 246 4175 beneficiis,
266 4132 347 4186 quum
366 4119 388 4167 si
402 4119 484 4171 urmis
503 4119 632 4182 vicisset,
654 4131 689 4166 ne
709 4130 783 4165 nunc
803 4111 917 4183 quidem
935 4112 999 4160 satis
1020 4109 1186 4177 promerito

91 4186 194 4251 gratias
214 4200 295 4253 ogere
333 4204 402 4250 osse,
422 4188 497 4259 quod
518 4189 620 4256 captivi
640 4183 713 4236 haud
733 4185 880 4266 quicquam
904 4178 1087 4255 contumeliae
1112 4179 1188 4247 passi
1247 4233 1262 4242 ,

95 4255 163 4318 siut,
182 4254 233 4307 sed
252 4256 291 4305 its
310 4204 419 4320 Rebili,
441 4269 472 4312 ut
484 4259 618 4329 pristinae
637 4272 702 4308 suae
720 4253 863 4306 nobilrtsti
883 4252 971 4320 primo
991 4263 1103 4319 quoque
1117 4255 1188 4299 tcm-

94 4340 157 4392 pore
171 4342 201 4378 se
219 4325 380 4379 restitutum
400 4329 433 4378 iri
454 4336 603 4398 sperarent.
637 4327 687 4379 Hic
702 4326 805 4393 legatus
819 4320 958 4375 Persarum
980 4318 1008 4400 in
1027 4320 1187 4370 memorium

95 4396 230 4450 sevocavit
255 4413 347 4449 rerum
371 4398 552 4453 humanarum
571 4396 791 4451 inconstantiam.
827 4392 868 4444 Ad
892 4404 962 4461 quse
979 4394 1054 4440 visui
1072 4398 1113 4443 est
1132 4391 1188 4443 Go-

95 4467 176 4537 lerius
204 4467 358 4534 subirasci,
383 4478 412 4525 et
432 4479 491 4527 toto
510 4487 624 4545 corpore
640 4472 805 4531 commotus,
824 4477 898 4523 „non
916 4466 988 4516 recte
1007 4460 1111 4527 Persas,
1129 4461 1186 4525 sit,
