2774 5106
359 121 624 187 uuistuom
656 120 861 188 rnsroen.
1082 91 1168 182 315

85 271 208 359 βόχθης
222 274 260 359 δή
278 267 337 340 οδν
356 267 552 360 ἀπεκρίνατο,
572 277 738 359 ιίκηκοὲναι
755 277 814 357 μὲν
833 273 891 340 τόν
909 275 1009 341 αδτοὸ
1022 277 1167 358 βασιλέα,
1177 282 1207 336 λ.
1215 280 1244 340 C·
1256 281 1304 355 ⁵7¹

86 374 129 450 ιὸς
150 373 212 440 ἀντὶ
233 372 273 439 τό
294 374 394 462 ἐκείνη
414 372 551 458 βραχεῖά
570 399 618 450 τις
637 376 756 457 ἐγένετο
771 372 913 460 ταραχή,
933 381 1059 440 στεῖλαι
1079 377 1115 441 δὲ
1135 354 1261 440 ὁ-Μδ

85 497 154 555 μως
174 471 244 541 τινοὶ
267 472 323 539 τόν
344 469 519 555 δυνάμενον
537 477 571 540 ἐν
590 475 697 564 κόσμῳ
711 476 831 540 θέσθαι
849 473 891 540 τοὶ
909 477 1096 559 γεγενημένα
1116 478 1173 540 καί

84 571 138 638 τόν
166 570 308 658 θόρυβον
339 575 605 640 καταπαύσοντα.
652 577 816 652 Ἰουστῖνος
850 575 885 639 δὲ
906 574 1171 658 Περσαρμενιλιυς

69 674 333 758 5προφανέστατα
352 669 414 760 ἔφη
435 675 639 752 εἰσδέξασθαι
652 679 790 761 Περσῶν
809 669 1096 758 α’ποχωρήσαντας,
1116 677 1174 739 καί

85 773 122 838 οδ
143 767 356 856 περιόψεσθαι
376 777 461 860 σφᾶς
480 768 716 856 ἀδικουμένους,
740 769 791 841 οἷα
814 773 853 859 δή
882 769 1104 858 ὁμογνώμονας
1129 771 1170 839 τό

83 874 129 948 είς
147 869 243 938 θεόν.
284 874 448 959 Σεβόχθης
479 872 519 959 δή
551 867 610 940 οόν
627 877 662 941 ἐν
681 877 829 959 Πέρσαις
858 873 1008 958 α’γχιλισυς
1037 896 1070 938 τε
1098 866 1199 954 ὁμαῙ)

82 970 139 1036 καί
155 974 294 1054 νομίζων
322 970 363 1037 τοὶ
386 973 461 1058 περί
479 971 516 1038 τό
539 977 628 1039 θεῖον
654 969 713 1039 οὸκ
733 967 837 1049 ἄλλως
856 969 878 1058 ἢ
898 970 984 1038 κοθοὶ
1006 971 1170 1054 νομίζουσι

82 1074 294 1157 Χριστιανοὶ,
322 1070 552 1154 ἐπιμελέστατα
573 1100 640 1151 πιος
670 1075 771 1139 ἐδεῖτο
790 1078 848 1140 τοῦ
866 1075 1021 1155 βασιλέως
1039 1072 1169 1140 Ἰουστί-

48 1193 135 1238 ιονου
155 1170 202 1256 μή
224 1174 356 1256 κινήσαί
369 1199 400 1238 τι
418 1175 481 1240 τοὸν
501 1175 536 1239 ἒν
554 1174 670 1264 κόσμῳ,
689 1176 724 1239 ἐν
740 1174 785 1262 νῷ
804 1197 839 1237 τε
858 1174 1015 1254 βαλέσθαι
1034 1170 1090 1236 τόν
1109 1170 1168 1235 πό-

79 1277 197 1353 λεμον,
230 1268 332 1347 οὸτως
362 1266 478 1357 ἄδηλον
505 1275 637 1359 πρᾶγμα
657 1272 714 1339 καί
739 1268 813 1337 οὸτε
834 1275 888 1338 ε’πί
906 1268 1014 1358 ῥητοῖς
1028 1267 1167 1338 εἰωθότα

76 1381 217 1455 χωρεῖν.
259 1375 316 1436 καί
334 1367 385 1437 ὁτι
406 1372 456 1457 δή,
477 1372 542 1458 εἴγε
563 1370 647 1440 οὸτο)
667 1372 768 1458 τόχοι,
790 1375 846 1438 καί
866 1369 1065 1457 κρατούντων
1080 1371 1167 1436 ‘Pm-

76 1466 204 1554 μαίων,
223 1473 256 1548 ἐς
274 1472 455 1539 τοὸναντίον
475 1474 585 1550 αότοῖς
610 1475 777 1559 περισταίη
800 1472 841 1538 τό
862 1476 918 1557 τής
938 1475 1042 1557 νίκης.
1062 1467 1167 1537 ἐσιόνι

77 1594 132 1646 τες
151 1570 213 1657 γὰρ
234 1574 267 1647 ἐς
286 1570 344 1657 τήν
364 1576 503 1657 Περσῶν
521 1575 578 1638 καί
592 1574 646 1638 ἐπί
657 1571 847 1658 μικρότατον
869 1571 1051 1657 ὁδοιπορίας
1069 1566 1167 1635 etad-

36 1676 183 1746 15ros¹rec
200 1668 390 1757 εὑρήσουσιν
409 1667 551 1749 ὁπαντός
572 1697 608 1756 γε
629 1669 669 1757 δή
690 1696 751 1736 που
772 1676 847 1758 περί
864 1670 900 1736 τό
923 1676 1011 1736 θεῖον
1031 1670 1087 1734 οὸκ
1107 1661 1166 1733 ἄλ-

76 1775 151 1850 λως,
174 1764 253 1857 ἤπερ
267 1771 376 1854 ου’τόν,
397 1767 650 1849 ἐσπουδακότας·
671 1772 725 1854 ὥς,
746 1769 810 1854 εἴγε
823 1770 941 1835 ἕλοιντο
950 1762 1026 1843 τοὸς
1039 1763 1165 1833 τοιοόσ-

77 1870 114 1933 δε
142 1863 386 1953 οἷποκτιννόναι,
421 1871 518 1937 ου’δὲν
545 1863 641 1956 ἧττον
671 1871 769 1936 edroi
796 1868 891 1934 πόλιν
921 1867 1260 1954 η’ττηθήσονται.λ’.ιιη

78 1962 117 2032 ου’
140 1971 221 2052 δήτα
243 1962 301 2036 οὸν
319 1969 424 2056 χρεών
446 1968 524 2036 sard
548 1972 754 2054 Χριστιανῶν
772 1966 846 2044 τοὸς
866 1963 1035 2049 ὁμοδόξους
1055 1964 1166 2051 θήγειν
1251 1972 1260 1987 “

76 2066 117 2133 τοὶ
140 2068 237 2156 ξίρη.
278 2070 359 2136 ἀλλά
380 2068 442 2155 γοὶρ
462 2079 527 2145 τοῖς
547 2066 628 2134 otro
646 2071 717 2133 λίαν
738 2063 869 2150 ὁμαλοῖς
887 2091 922 2133 τε
941 2068 997 2131 καί
1014 2067 1166 2130 ἐπιεικέσι

30 2163 184 2251 ὶολόγσις
209 2170 375 2245 ’ίουστῖνος
406 2170 463 2233 σδκ
491 2162 569 2258 ᾤετο
589 2171 709 2255 χρῆναι
729 2165 860 2233 ἔσεσθαι
880 2164 1060 2251 πειθήνιος.
1102 2162 1167 2251 ἔφη

76 2270 124 2348 δὲ,
146 2267 200 2348 ὥς,
221 2266 284 2352 εἴγε
304 2271 464 2354 παραθείη
483 2268 638 2335 δάκτυλον
658 2271 731 2350 ἕνα,
752 2263 972 2352 κινηθήσεται,
995 2269 1051 2331 καί
1070 2262 1114 2343 οὸς
1134 2265 1168 2339 ἐς

74 2366 134 2453 τήν
154 2370 295 2453 Περσῶν
315 2367 443 2434 diuinos·
465 2363 604 2457 θαρρεῖν
625 2392 670 2452 τε,
687 2368 741 2450 oie,
761 2370 792 2433 εἰ
811 2365 892 2456 πρός
910 2366 1047 2449 πόλεμον
1067 2361 1169 2454 ὁρμή·

1177 425 1277 479 Iustini
1286 444 1301 498 η

148 2504 189 2542 ιο.
206 2501 238 2541 τε
256 2486 319 2541 edd
336 2488 368 2542 N·
442 2489 482 2560 ¹4·
500 2488 686 2562 μακρότατον
702 2490 773 2543 coni.
791 2488 825 2544 N.

74 2596 152 2654 eret,
171 2594 361 2661 contigerunt,
379 2591 522 2652 disserere.
540 2593 575 2646 Et
593 2592 642 2645 ille
660 2591 772 2664 quidem
797 2609 887 2662 regern
912 2607 990 2642 suum
1014 2588 1167 2658 occepisse,

74 2661 238 2731 respondit,
257 2671 381 2715 exortum
421 2663 548 2715 uemdnm
566 2666 597 2716 in
617 2663 666 2715 itta
684 2664 824 2732 provincie
842 2661 1007 2723 tumultum,
1031 2659 1121 2711 levem
1138 2663 1169 2708 et

75 2733 220 2800 exiguum,
238 2732 274 2786 sd
294 2750 356 2785 eum
375 2680 526 2786 selendum
544 2735 666 2795 misisse,
687 2732 735 2802 qui
754 2733 946 2802 comprimeret
966 2738 996 2782 et
1016 2745 1058 2781 res
1073 2726 1168 2796 pristi-

73 2819 111 2854 no
130 2803 215 2853 stntui
234 2804 399 2856 restitueret
419 2807 539 2856 lustinus
557 2821 622 2857 vero
640 2803 731 2874 palam
753 2802 837 2864 dixit,
855 2818 884 2853 se
895 2801 1104 2860 Persarmenios,
1117 2795 1166 2867 qui

72 2871 198 2925 :Persis
228 2874 410 2938 defecissent,
440 2876 468 2926 in
490 2876 571 2927 fidem
597 2874 769 2943 tutelamque
796 2890 871 2924 sunm
899 2872 1048 2940 recepisse,
1075 2883 1166 2938 neque
1236 2927 1237 2930 η

73 2943 97 2994 si
118 2943 181 3012 quis
206 2961 252 2996 eos
277 2947 379 2996 iniuria
398 2945 532 3008 efficeret,
560 2944 760 3013 neglecturum,
778 2944 881 3015 quippe
899 2943 948 3012 qui
964 2942 1076 3002 eedem,
1094 2954 1167 3009 quae

74 3014 151 3081 ipse,
170 3013 204 3065 de
222 3016 356 3084 religione
373 3016 514 3068 sentirent.
551 3014 721 3068 Seboclrthes
734 3024 833 3076 nutem,
854 3015 902 3085 qui
915 3011 1085 3082 opudl’erssr
1099 3026 1166 3078 pru-

73 3084 170 3136 dentie
190 3084 362 3149 excellebat,
381 3104 443 3138 eum
461 3086 591 3150 eandem,
609 3102 691 3156 quem
711 3083 876 3149 Christiani,
895 3084 929 3136 de
951 3082 1085 3152 religione
1104 3079 1166 3148 opi·

72 3157 188 3207 nionem
207 3153 338 3220 haberet,
364 3158 445 3209 etiam
470 3166 552 3228 etque
580 3157 662 3209 etiem
689 3155 867 3208 vehementer
889 3153 1024 3206 Iustinum
1051 3149 1165 3213 orabat,

71 3243 109 3277 ne
128 3243 178 3288 es,
197 3240 314 3296 quaese
334 3228 406 3280 bene
432 3226 583 3292 habereut,
605 3234 742 3289 moveret,
766 3235 795 3279 et
812 3236 843 3279 ut
866 3227 986 3277 animum
1007 3221 1165 3282 induceret,

71 3293 180 3348 bellurn
202 3314 260 3349 esse
279 3314 335 3349 rem
354 3298 434 3352 vslde
453 3298 585 3351 incertam
601 3314 692 3370 neque
721 3297 803 3349 certis
822 3296 929 3365 legibus
950 3296 1042 3347 flucre.
1065 3291 1165 3361 Quod·

72 3366 97 3418 si
118 3364 191 3418 sorte
215 3369 326 3420 fortuna
351 3369 536 3438 contingeret,
564 3376 597 3420 ut
613 3368 728 3421 Romani
747 3368 860 3420 victorio
881 3369 1054 3436 potirentur,
1078 3364 1166 3431 ipsene

72 3436 218 3488 victorium
236 3438 350 3491 fortasse
370 3440 400 3490 in
420 3439 584 3492 contrarium
605 3456 736 3496 casurum.
770 3439 879 3491 Etenim
898 3438 947 3507 qui
966 3437 1106 3486 Persarum
1122 3446 1166 3482 re-

72 3505 185 3577 gionem
207 3509 251 3560 vel
269 3509 428 3564 brevissimo
446 3510 546 3561 itinere
572 3512 764 3580 cognoverint,
791 3524 838 3560 eos
856 3513 1024 3576 compertum
1042 3503 1165 3562 habere.

74 3592 171 3629 omnes
191 3595 247 3631 non
268 3581 322 3632 alio
341 3582 395 3632 ritu
415 3581 587 3650 religionem,
606 3599 689 3650 quam
708 3583 766 3647 ipse
785 3581 873 3642 colet,
895 3579 984 3630 colere
1009 3581 1038 3627 et
1062 3572 1166 3640 emple-

74 3649 121 3701 αἱ.
142 3648 198 3703 llos
217 3652 241 3702 si
259 3651 383 3703 occidere
402 3652 586 3720 susceperint,
604 3650 785 3702 nihilominus
805 3658 900 3719 postea
927 3650 1008 3715 longe
1035 3645 1102 3713 ipsis
1119 3643 1165 3692 in·

74 3719 190 3771 seriores
212 3720 278 3772 iore.
315 3720 431 3773 Proinde
450 3722 553 3774 iniuste
574 3737 620 3772 eos
637 3728 732 3772 contro
750 3719 874 3785 homines
893 3718 988 3770 eudem
1007 3732 1067 3767 eum
1082 3711 1167 3764 Chri·

73 3791 172 3842 stisnis
200 3790 334 3860 religione
362 3799 470 3843 utentes
495 3809 573 3843 enses
596 3808 654 3842 esse
680 3791 829 3842 stricturos.
874 3790 922 3840 llis
944 3795 999 3839 tem
1020 3786 1166 3854 nequiret

73 3859 187 3912 lenibus
205 3862 378 3913 sermonibus
394 3863 515 3913 lustinus
534 3863 646 3914 minime
664 3861 718 3912 sibi
736 3859 962 3932 acquiescendum
985 3853 1162 3919 existimavit,

75 3931 124 3984 sed
143 3929 235 3995 disit,
253 3932 362 3984 etiamsi
382 3949 466 3983 unum
485 3931 600 4000 digitum
626 3940 794 4000 opponeret,
823 3946 852 3983 se
877 3927 1082 3998 expeditionem
1102 3941 1163 3978 sus·

76 4012 222 4073 ceptorum
242 4011 272 4056 et
293 4000 428 4057 Persidem
447 4004 609 4056 invasurum.
631 4001 793 4064 confidere,
813 4017 860 4065 se,
881 3998 905 4053 si
925 4000 955 4052 in
976 3996 1080 4051 bellum
1099 4012 1163 4050 eru·
