<?xml version="1.0" encoding="UTF-8"?>
<!DOCTYPE html PUBLIC "-//W3C//DTD XHTML 1.0 Transitional//EN"
    "http://www.w3.org/TR/xhtml1/DTD/xhtml1-transitional.dtd">
<html xmlns="http://www.w3.org/1999/xhtml" xml:lang="en" lang="en">
 <head>
  <title>
</title>
<meta http-equiv="Content-Type" content="text/html;charset=utf-8" />
  <meta name='ocr-system' content='tesseract 3.04.00' />
  <meta name='ocr-capabilities' content='ocr_page ocr_carea ocr_par ocr_line ocrx_word'/>
</head>
<body>
  <div class='ocr_page' id='page_1' title='image "./dexippieunapiip00malcgoog_0350.png"; bbox 0 0 2774 5106; ppageno 0'>
   <div class='ocr_carea' id='block_1_1' title="bbox 404 550 1175 672">
    <p class='ocr_par' dir='ltr' id='par_1_1' title="bbox 404 550 1175 672">
     <span class='ocr_line' id='line_1_1' title="bbox 404 550 1175 672; baseline 0.005 -30"><span class='ocrx_word' id='word_1_1' title='bbox 404 577 441 642; x_wconf 78' lang='lat' dir='ltr'>a</span> <span class='ocrx_word' id='word_1_2' title='bbox 468 566 623 643; x_wconf 70' lang='lat' dir='ltr'>uitem</span> <span class='ocrx_word' id='word_1_3' title='bbox 655 550 894 671; x_wconf 56' lang='lat' dir='ltr'>maronii„</span> <span class='ocrx_word' id='word_1_4' title='bbox 1089 556 1175 672; x_wconf 77' lang='lat'>273</span> 
     </span>
    </p>
   </div>
   <div class='ocr_carea' id='block_1_2' title="bbox 84 713 1174 1027">
    <p class='ocr_par' dir='ltr' id='par_1_2' title="bbox 84 713 1174 1027">
     <span class='ocr_line' id='line_1_2' title="bbox 90 713 1174 818; baseline -0.01 -6"><span class='ocrx_word' id='word_1_5' title='bbox 90 725 306 818; x_wconf 60' lang='lat' dir='ltr'>‘t&#39;flfflllffts</span> <span class='ocrx_word' id='word_1_6' title='bbox 325 731 510 815; x_wconf 61' lang='grc' dir='ltr'><strong><em>τριβομένης</em></strong></span> <span class='ocrx_word' id='word_1_7' title='bbox 529 729 625 817; x_wconf 83' lang='grc' dir='ltr'><strong><em>σφισί</em></strong></span> <span class='ocrx_word' id='word_1_8' title='bbox 641 736 697 818; x_wconf 78' lang='grc' dir='ltr'>τῆς</span> <span class='ocrx_word' id='word_1_9' title='bbox 717 728 861 816; x_wconf 77' lang='grc' dir='ltr'><strong><em>ὁμιλίας,</em></strong></span> <span class='ocrx_word' id='word_1_10' title='bbox 882 737 939 802; x_wconf 86' lang='grc' dir='ltr'>καί</span> <span class='ocrx_word' id='word_1_11' title='bbox 956 737 1017 802; x_wconf 77' lang='lat' dir='ltr'>sori</span> <span class='ocrx_word' id='word_1_12' title='bbox 1036 713 1174 815; x_wconf 81' lang='grc' dir='ltr'><strong><em>κάλλους</em></strong></span> 
     </span>
     <span class='ocr_line' id='line_1_3' title="bbox 85 821 1174 923; baseline -0.004 -29"><span class='ocrx_word' id='word_1_13' title='bbox 85 828 193 894; x_wconf 78' lang='grc' dir='ltr'><strong><em>αυέάν</em></strong></span> <span class='ocrx_word' id='word_1_14' title='bbox 214 821 274 892; x_wconf 84' lang='grc' dir='ltr'>οάκ</span> <span class='ocrx_word' id='word_1_15' title='bbox 300 828 533 912; x_wconf 80' lang='grc' dir='ltr'><strong><em>εάααροδεάτου</em></strong></span> <span class='ocrx_word' id='word_1_16' title='bbox 564 824 667 913; x_wconf 77' lang='grc' dir='ltr'><strong><em>ὄντος,</em></strong></span> <span class='ocrx_word' id='word_1_17' title='bbox 696 824 796 920; x_wconf 85' lang='grc' dir='ltr'><strong><em>άμφω</em></strong></span> <span class='ocrx_word' id='word_1_18' title='bbox 819 828 963 920; x_wconf 77' lang='grc' dir='ltr'><strong><em>άλλὴλων</em></strong></span> <span class='ocrx_word' id='word_1_19' title='bbox 981 830 1117 913; x_wconf 80' lang='grc' dir='ltr'><strong><em>εἰαάαως</em></strong></span> <span class='ocrx_word' id='word_1_20' title='bbox 1135 828 1174 923; x_wconf 78' lang='grc' dir='ltr'>ἢ.</span> 
     </span>
     <span class='ocr_line' id='line_1_4' title="bbox 84 921 1174 1027; baseline 0.009 -36"><span class='ocrx_word' id='word_1_21' title='bbox 84 953 173 1013; x_wconf 85' lang='grc' dir='ltr'><strong><em>ρων.</em></strong></span> <span class='ocrx_word' id='word_1_22' title='bbox 220 923 329 1014; x_wconf 77' lang='grc' dir='ltr'><strong><em>ῥίψεις</em></strong></span> <span class='ocrx_word' id='word_1_23' title='bbox 356 921 414 994; x_wconf 78' lang='grc' dir='ltr'>οὖν</span> <span class='ocrx_word' id='word_1_24' title='bbox 447 927 599 1013; x_wconf 76' lang='grc' dir='ltr'><em>ὀμμάτων</em></span> <span class='ocrx_word' id='word_1_25' title='bbox 629 932 680 995; x_wconf 75' lang='grc' dir='ltr'>ἐνί</span> <span class='ocrx_word' id='word_1_26' title='bbox 699 929 854 1017; x_wconf 73' lang='grc' dir='ltr'><strong><em>ἀλλήλους</em></strong></span> <span class='ocrx_word' id='word_1_27' title='bbox 879 935 1014 1027; x_wconf 68' lang='grc' dir='ltr'><strong><em>ξμάονεο</em></strong></span> <span class='ocrx_word' id='word_1_28' title='bbox 1034 937 1091 1001; x_wconf 82' lang='grc' dir='ltr'>καί</span> <span class='ocrx_word' id='word_1_29' title='bbox 1110 961 1174 1001; x_wconf 79' lang='grc' dir='ltr'>πα-</span> 
     </span>
    </p>
   </div>
   <div class='ocr_carea' id='block_1_3' title="bbox 15 1028 1206 2802">
    <p class='ocr_par' dir='ltr' id='par_1_3' title="bbox 15 1028 1206 2802">
     <span class='ocr_line' id='line_1_5' title="bbox 84 1028 1206 1118; baseline 0.011 -28"><span class='ocrx_word' id='word_1_30' title='bbox 84 1029 280 1114; x_wconf 80' lang='grc' dir='ltr'><strong><em>ρεκστροφαί</em></strong></span> <span class='ocrx_word' id='word_1_31' title='bbox 313 1035 454 1110; x_wconf 80' lang='grc' dir='ltr'><strong><em>συνεχεῖς</em></strong></span> <span class='ocrx_word' id='word_1_32' title='bbox 485 1028 663 1114; x_wconf 73' lang='grc' dir='ltr'>προσώπων</span> <span class='ocrx_word' id='word_1_33' title='bbox 702 1028 759 1118; x_wconf 79' lang='grc' dir='ltr'>καίΙ</span> <span class='ocrx_word' id='word_1_34' title='bbox 788 1032 1008 1114; x_wconf 79' lang='grc' dir='ltr'><strong><em>μειδιαμάτων</em></strong></span> <span class='ocrx_word' id='word_1_35' title='bbox 1034 1029 1174 1117; x_wconf 82' lang='grc' dir='ltr'><strong><em>μεταδά·</em></strong></span> <span class='ocrx_word' id='word_1_36' title='bbox 1203 1093 1206 1104; x_wconf 78' lang='grc'><strong>.</strong></span> 
     </span>
     <span class='ocr_line' id='line_1_6' title="bbox 44 1120 1173 1216; baseline 0.007 -22"><span class='ocrx_word' id='word_1_37' title='bbox 44 1130 171 1208; x_wconf 68' lang='lat' dir='ltr'>Socra,</span> <span class='ocrx_word' id='word_1_38' title='bbox 221 1127 317 1202; x_wconf 80' lang='grc' dir='ltr'><strong><em>πόνος</em></strong></span> <span class='ocrx_word' id='word_1_39' title='bbox 342 1149 377 1192; x_wconf 82' lang='lat' dir='ltr'>sa</span> <span class='ocrx_word' id='word_1_40' title='bbox 405 1125 486 1210; x_wconf 87' lang='grc' dir='ltr'><strong><em>μετά</em></strong></span> <span class='ocrx_word' id='word_1_41' title='bbox 507 1131 610 1193; x_wconf 75' lang='grc' dir='ltr'><strong><em>ταῦτα</em></strong></span> <span class='ocrx_word' id='word_1_42' title='bbox 633 1125 746 1215; x_wconf 82' lang='grc' dir='ltr'><strong><em>ἔρωτος</em></strong></span> <span class='ocrx_word' id='word_1_43' title='bbox 777 1129 830 1194; x_wconf 81' lang='grc' dir='ltr'>άιί</span> <span class='ocrx_word' id='word_1_44' title='bbox 862 1120 938 1212; x_wconf 76' lang='grc' dir='ltr'><strong><em>ὄψιν</em></strong></span> <span class='ocrx_word' id='word_1_45' title='bbox 965 1135 1173 1216; x_wconf 76' lang='grc' dir='ltr'><strong><em>σοεγομένου.</em></strong></span> 
     </span>
     <span class='ocr_line' id='line_1_7' title="bbox 83 1224 1173 1324; baseline 0.007 -34"><span class='ocrx_word' id='word_1_46' title='bbox 83 1226 154 1291; x_wconf 75' lang='grc' dir='ltr'><strong><em>ἐκεί</em></strong></span> <span class='ocrx_word' id='word_1_47' title='bbox 175 1226 211 1290; x_wconf 78' lang='lat' dir='ltr'>tt</span> <span class='ocrx_word' id='word_1_48' title='bbox 239 1225 464 1307; x_wconf 72' lang='grc' dir='ltr'><strong><em>κοινωσάμενοι</em></strong></span> <span class='ocrx_word' id='word_1_49' title='bbox 483 1224 518 1291; x_wconf 86' lang='grc' dir='ltr'>’τά</span> <span class='ocrx_word' id='word_1_50' title='bbox 546 1224 651 1304; x_wconf 85' lang='grc' dir='ltr'><strong><em>πάθος</em></strong></span> <span class='ocrx_word' id='word_1_51' title='bbox 669 1226 796 1312; x_wconf 77' lang='grc' dir='ltr'><strong><em>Δανιὴλ</em></strong></span> <span class='ocrx_word' id='word_1_52' title='bbox 815 1226 958 1318; x_wconf 79' lang='grc' dir='ltr'><strong><em>εάνοάχερ</em></strong></span> <span class='ocrx_word' id='word_1_53' title='bbox 978 1232 1035 1295; x_wconf 86' lang='grc' dir='ltr'>καί</span> <span class='ocrx_word' id='word_1_54' title='bbox 1053 1236 1173 1324; x_wconf 78' lang='grc' dir='ltr'><strong><em>Μαρίρι</em></strong></span> 
     </span>
     <span class='ocr_line' id='line_1_8' title="bbox 82 1322 1173 1417; baseline 0.006 -29"><span class='ocrx_word' id='word_1_55' title='bbox 82 1327 163 1415; x_wconf 74' lang='grc' dir='ltr'><strong><em>μαίᾳ</em></strong></span> <span class='ocrx_word' id='word_1_56' title='bbox 195 1322 324 1390; x_wconf 83' lang='grc' dir='ltr'><strong><em>ἰάσαντο</em></strong></span> <span class='ocrx_word' id='word_1_57' title='bbox 359 1327 452 1389; x_wconf 76' lang='grc' dir='ltr'><strong><em>τοῦτο</em></strong></span> <span class='ocrx_word' id='word_1_58' title='bbox 481 1323 574 1407; x_wconf 88' lang='grc' dir='ltr'><strong><em>μόλις</em></strong></span> <span class='ocrx_word' id='word_1_59' title='bbox 593 1329 632 1414; x_wconf 75' lang='grc' dir='ltr'>τῇ</span> <span class='ocrx_word' id='word_1_60' title='bbox 654 1329 711 1410; x_wconf 81' lang='grc' dir='ltr'>τῆς</span> <span class='ocrx_word' id='word_1_61' title='bbox 729 1323 846 1408; x_wconf 79' lang='grc' dir='ltr'><strong><em>μίξεως</em></strong></span> <span class='ocrx_word' id='word_1_62' title='bbox 865 1328 1009 1417; x_wconf 82' lang='grc' dir='ltr'><strong><em>ίατρείρι,</em></strong></span> <span class='ocrx_word' id='word_1_63' title='bbox 1030 1331 1173 1415; x_wconf 64' lang='grc' dir='ltr'><strong><em>Ζηνωνίς</em></strong></span> 
     </span>
     <span class='ocr_line' id='line_1_9' title="bbox 83 1415 1172 1519; baseline 0.004 -28"><span class='ocrx_word' id='word_1_64' title='bbox 83 1427 274 1503; x_wconf 84' lang='grc' dir='ltr'><strong><em>Βασιλίσκον</em></strong></span> <span class='ocrx_word' id='word_1_65' title='bbox 302 1420 368 1503; x_wconf 56' lang='grc' dir='ltr'>διάι</span> <span class='ocrx_word' id='word_1_66' title='bbox 385 1425 526 1500; x_wconf 81' lang='grc' dir='ltr'><strong><em>θωπείας</em></strong></span> <span class='ocrx_word' id='word_1_67' title='bbox 554 1417 612 1508; x_wconf 76' lang='grc' dir='ltr'><strong><em>ἦγε</em></strong></span> <span class='ocrx_word' id='word_1_68' title='bbox 632 1426 691 1488; x_wconf 81' lang='grc' dir='ltr'>τοῦ</span> <span class='ocrx_word' id='word_1_69' title='bbox 719 1427 776 1492; x_wconf 82' lang='grc' dir='ltr'>τὸν</span> <span class='ocrx_word' id='word_1_70' title='bbox 796 1424 934 1512; x_wconf 72' lang='grc' dir='ltr'><strong><em>ἐραστὴν</em></strong></span> <span class='ocrx_word' id='word_1_71' title='bbox 961 1415 1047 1511; x_wconf 81' lang='grc' dir='ltr'><strong><em>ἔχειν</em></strong></span> <span class='ocrx_word' id='word_1_72' title='bbox 1079 1431 1114 1494; x_wconf 75' lang='grc' dir='ltr'>ἐν</span> <span class='ocrx_word' id='word_1_73' title='bbox 1133 1430 1172 1519; x_wconf 75' lang='grc' dir='ltr'>τῇ</span> 
     </span>
     <span class='ocr_line' id='line_1_10' title="bbox 82 1519 1172 1610; baseline 0.006 -22"><span class='ocrx_word' id='word_1_74' title='bbox 82 1519 173 1589; x_wconf 79' lang='grc' dir='ltr'><strong><em>πόλει</em></strong></span> <span class='ocrx_word' id='word_1_75' title='bbox 192 1519 233 1587; x_wconf 82' lang='grc' dir='ltr'>τά</span> <span class='ocrx_word' id='word_1_76' title='bbox 253 1531 416 1609; x_wconf 76' lang='grc' dir='ltr'><strong><em>πρωτεῖα.</em></strong></span> <span class='ocrx_word' id='word_1_77' title='bbox 451 1521 534 1610; x_wconf 79' lang='grc' dir='ltr'><strong><em>ὁρῶν</em></strong></span> <span class='ocrx_word' id='word_1_78' title='bbox 555 1525 591 1589; x_wconf 73' lang='grc' dir='ltr'>δὲ</span> <span class='ocrx_word' id='word_1_79' title='bbox 614 1525 810 1609; x_wconf 82' lang='grc' dir='ltr'><strong><em>Θευδὲριχος</em></strong></span> <span class='ocrx_word' id='word_1_80' title='bbox 839 1525 1017 1609; x_wconf 80' lang='grc' dir='ltr'><strong><em>τιμώμενον</em></strong></span> <span class='ocrx_word' id='word_1_81' title='bbox 1036 1527 1071 1592; x_wconf 76' lang='grc' dir='ltr'>ἐκ</span> <span class='ocrx_word' id='word_1_82' title='bbox 1091 1523 1172 1594; x_wconf 87' lang='grc' dir='ltr'><strong><em>πάν-</em></strong></span> 
     </span>
     <span class='ocr_line' id='line_1_11' title="bbox 15 1615 1171 1715; baseline 0.006 -29"><span class='ocrx_word' id='word_1_83' title='bbox 15 1634 145 1687; x_wconf 71' lang='grc' dir='ltr'><strong><em>ῑοτων</em></strong></span> <span class='ocrx_word' id='word_1_84' title='bbox 160 1619 327 1708; x_wconf 79' lang='grc' dir='ltr'><strong><em>Ἀρμάτον,</em></strong></span> <span class='ocrx_word' id='word_1_85' title='bbox 348 1615 503 1707; x_wconf 77' lang='grc' dir='ltr'><strong><em>ἤσχαλλεν</em></strong></span> <span class='ocrx_word' id='word_1_86' title='bbox 522 1618 566 1699; x_wconf 67' lang='grc' dir='ltr'>οἷς</span> <span class='ocrx_word' id='word_1_87' title='bbox 584 1623 917 1708; x_wconf 77' lang='grc' dir='ltr'><strong><em>ααρευδοκιμοάμενος</em></strong></span> <span class='ocrx_word' id='word_1_88' title='bbox 936 1627 1082 1711; x_wconf 34' lang='lat' dir='ltr'>sasitos,</span> <span class='ocrx_word' id='word_1_89' title='bbox 1100 1652 1171 1715; x_wconf 81' lang='grc' dir='ltr'><strong><em>τρι-</em></strong></span> 
     </span>
     <span class='ocr_line' id='line_1_12' title="bbox 80 1713 1170 1807; baseline 0.006 -21"><span class='ocrx_word' id='word_1_90' title='bbox 80 1726 147 1805; x_wconf 74' lang='grc' dir='ltr'>χῶν</span> <span class='ocrx_word' id='word_1_91' title='bbox 175 1721 275 1805; x_wconf 89' lang='grc' dir='ltr'><strong><em>μόνον</em></strong></span> <span class='ocrx_word' id='word_1_92' title='bbox 301 1720 358 1786; x_wconf 81' lang='grc' dir='ltr'>καί</span> <span class='ocrx_word' id='word_1_93' title='bbox 382 1725 438 1806; x_wconf 84' lang='grc' dir='ltr'>τῆς</span> <span class='ocrx_word' id='word_1_94' title='bbox 469 1713 566 1806; x_wconf 83' lang='grc' dir='ltr'><strong><em>άλλης</em></strong></span> <span class='ocrx_word' id='word_1_95' title='bbox 598 1721 818 1807; x_wconf 79' lang='grc' dir='ltr'><strong><em>φροντίζοντος</em></strong></span> <span class='ocrx_word' id='word_1_96' title='bbox 846 1725 1049 1805; x_wconf 81' lang='grc' dir='ltr'><strong><em>σωμασκίας.</em></strong></span> <span class='ocrx_word' id='word_1_97' title='bbox 1101 1722 1170 1792; x_wconf 78' lang='grc' dir='ltr'>ὅδ’</span> 
     </span>
     <span class='ocr_line' id='line_1_13' title="bbox 78 1815 1170 1912; baseline 0.004 -24"><span class='ocrx_word' id='word_1_98' title='bbox 78 1819 236 1907; x_wconf 82' lang='grc' dir='ltr'><strong><em>’Λρμάτος</em></strong></span> <span class='ocrx_word' id='word_1_99' title='bbox 263 1817 350 1904; x_wconf 74' lang='grc' dir='ltr'><strong><em>ἔκαε</em></strong></span> <span class='ocrx_word' id='word_1_100' title='bbox 379 1823 483 1907; x_wconf 82' lang='grc' dir='ltr'><strong><em>φοράς</em></strong></span> <span class='ocrx_word' id='word_1_101' title='bbox 501 1817 677 1906; x_wconf 82' lang='grc' dir='ltr'><strong><em>χρημάτων</em></strong></span> <span class='ocrx_word' id='word_1_102' title='bbox 703 1822 759 1886; x_wconf 85' lang='grc' dir='ltr'>καί</span> <span class='ocrx_word' id='word_1_103' title='bbox 776 1825 869 1908; x_wconf 80' lang='grc' dir='ltr'><strong><em>τιμῆς</em></strong></span> <span class='ocrx_word' id='word_1_104' title='bbox 888 1815 1026 1890; x_wconf 75' lang='grc' dir='ltr'><strong><em>οἷαλίτου</em></strong></span> <span class='ocrx_word' id='word_1_105' title='bbox 1057 1849 1170 1912; x_wconf 72' lang='lat' dir='ltr'>copos-</span> 
     </span>
     <span class='ocr_line' id='line_1_14' title="bbox 80 1911 1166 2012; baseline 0.007 -27"><span class='ocrx_word' id='word_1_106' title='bbox 80 1920 168 2003; x_wconf 84' lang='grc' dir='ltr'><strong><em>θείς,</em></strong></span> <span class='ocrx_word' id='word_1_107' title='bbox 188 1916 302 1986; x_wconf 82' lang='grc' dir='ltr'><strong><em>οάδένα</em></strong></span> <span class='ocrx_word' id='word_1_108' title='bbox 324 1913 422 1985; x_wconf 69' lang='grc' dir='ltr'><strong><em>αὐτοῦ</em></strong></span> <span class='ocrx_word' id='word_1_109' title='bbox 443 1911 518 2009; x_wconf 76' lang='grc' dir='ltr'><strong><em>ᾤετο</em></strong></span> <span class='ocrx_word' id='word_1_110' title='bbox 539 1921 671 1985; x_wconf 73' lang='grc' dir='ltr'><strong><em>διοίσειν</em></strong></span> <span class='ocrx_word' id='word_1_111' title='bbox 690 1921 739 1985; x_wconf 79' lang='grc' dir='ltr'><strong><em>ε’νί</em></strong></span> <span class='ocrx_word' id='word_1_112' title='bbox 759 1920 901 2012; x_wconf 81' lang='grc' dir='ltr'><strong><em>άνάρείρ.</em></strong></span> <span class='ocrx_word' id='word_1_113' title='bbox 942 1922 999 1989; x_wconf 84' lang='grc' dir='ltr'>καί</span> <span class='ocrx_word' id='word_1_114' title='bbox 1016 1927 1166 1993; x_wconf 81' lang='grc' dir='ltr'><strong><em>τοσοῦτον</em></strong></span> 
     </span>
     <span class='ocr_line' id='line_1_15' title="bbox 81 2013 1167 2106; baseline 0.005 -22"><span class='ocrx_word' id='word_1_115' title='bbox 81 2020 180 2095; x_wconf 67' lang='lat' dir='ltr'>aurosi</span> <span class='ocrx_word' id='word_1_116' title='bbox 199 2015 255 2105; x_wconf 78' lang='grc' dir='ltr'><strong><em>ἥδε</em></strong></span> <span class='ocrx_word' id='word_1_117' title='bbox 278 2015 297 2105; x_wconf 76' lang='grc' dir='ltr'><em>ἦ</em></span> <span class='ocrx_word' id='word_1_118' title='bbox 319 2013 581 2105; x_wconf 66' lang='grc' dir='ltr'><strong><em>άληάαεκράτει,</em></strong></span> <span class='ocrx_word' id='word_1_119' title='bbox 602 2015 645 2095; x_wconf 78' lang='grc' dir='ltr'>ὦς</span> <span class='ocrx_word' id='word_1_120' title='bbox 665 2016 781 2104; x_wconf 75' lang='grc' dir='ltr'><strong><em>σκευήν</em></strong></span> <span class='ocrx_word' id='word_1_121' title='bbox 803 2021 1036 2105; x_wconf 70' lang='grc' dir='ltr'><strong><em>ἀναλαμβάνειν</em></strong></span> <span class='ocrx_word' id='word_1_122' title='bbox 1053 2023 1167 2106; x_wconf 83' lang='grc' dir='ltr'><strong><em>’Λχιλ-</em></strong></span> 
     </span>
     <span class='ocr_line' id='line_1_16' title="bbox 15 2112 1166 2209; baseline 0.003 -26"><span class='ocrx_word' id='word_1_123' title='bbox 15 2129 19 2138; x_wconf 83' lang='grc'><strong><em>’</em></strong></span> <span class='ocrx_word' id='word_1_124' title='bbox 43 2117 177 2202; x_wconf 67' lang='grc' dir='ltr'><strong><em>Ξλέως,</em></strong></span> <span class='ocrx_word' id='word_1_125' title='bbox 220 2112 302 2184; x_wconf 69' lang='grc' dir='ltr'><strong><em>οὕτω</em></strong></span> <span class='ocrx_word' id='word_1_126' title='bbox 317 2141 352 2184; x_wconf 83' lang='grc' dir='ltr'><strong><em>τε</em></strong></span> <span class='ocrx_word' id='word_1_127' title='bbox 372 2117 566 2204; x_wconf 82' lang='grc' dir='ltr'><strong><em>κερνβαίνειν</em></strong></span> <span class='ocrx_word' id='word_1_128' title='bbox 578 2119 624 2196; x_wconf 80' lang='grc' dir='ltr'><strong><em>εἰς</em></strong></span> <span class='ocrx_word' id='word_1_129' title='bbox 644 2120 740 2184; x_wconf 77' lang='grc' dir='ltr'><strong><em>λοιπον</em></strong></span> <span class='ocrx_word' id='word_1_130' title='bbox 758 2121 814 2183; x_wconf 85' lang='grc' dir='ltr'>καί</span> <span class='ocrx_word' id='word_1_131' title='bbox 834 2118 915 2185; x_wconf 86' lang='grc' dir='ltr'><strong><em>κατά</em></strong></span> <span class='ocrx_word' id='word_1_132' title='bbox 935 2118 992 2186; x_wconf 83' lang='grc' dir='ltr'>τάν</span> <span class='ocrx_word' id='word_1_133' title='bbox 1010 2118 1166 2209; x_wconf 78' lang='grc' dir='ltr'><strong><em>ἱππόδρο-</em></strong></span> 
     </span>
     <span class='ocr_line' id='line_1_17' title="bbox 76 2213 1165 2307; baseline 0.003 -25"><span class='ocrx_word' id='word_1_134' title='bbox 76 2241 137 2301; x_wconf 92' lang='grc' dir='ltr'>μον</span> <span class='ocrx_word' id='word_1_135' title='bbox 169 2213 391 2305; x_wconf 68' lang='grc' dir='ltr'><strong><em>φρυάττεσθαι</em></strong></span> <span class='ocrx_word' id='word_1_136' title='bbox 417 2217 474 2282; x_wconf 80' lang='grc' dir='ltr'><strong><em>οοῦ</em></strong></span> <span class='ocrx_word' id='word_1_137' title='bbox 502 2214 611 2281; x_wconf 86' lang='grc' dir='ltr'><strong><em>οἴκου.</em></strong></span> <span class='ocrx_word' id='word_1_138' title='bbox 660 2218 751 2303; x_wconf 78' lang='grc' dir='ltr'><strong><em>ε’ξῆρε</em></strong></span> <span class='ocrx_word' id='word_1_139' title='bbox 773 2219 939 2284; x_wconf 74' lang='grc' dir='ltr'><strong><em>δὲταῦτα</em></strong></span> <span class='ocrx_word' id='word_1_140' title='bbox 965 2224 1063 2285; x_wconf 81' lang='grc' dir='ltr'><strong><em>πλείω</em></strong></span> <span class='ocrx_word' id='word_1_141' title='bbox 1084 2219 1165 2307; x_wconf 79' lang='grc' dir='ltr'><strong><em>πρὸς</em></strong></span> 
     </span>
     <span class='ocr_line' id='line_1_18' title="bbox 76 2309 1163 2406; baseline 0.004 -25"><span class='ocrx_word' id='word_1_142' title='bbox 76 2309 345 2401; x_wconf 67' lang='grc' dir='ltr'><strong><em>εοιαάτηνάάξαν</em></strong></span> <span class='ocrx_word' id='word_1_143' title='bbox 362 2319 537 2398; x_wconf 86' lang='grc' dir='ltr'><strong><em>μαίνεσθαι</em></strong></span> <span class='ocrx_word' id='word_1_144' title='bbox 557 2311 591 2381; x_wconf 82' lang='grc' dir='ltr'>τά</span> <span class='ocrx_word' id='word_1_145' title='bbox 614 2311 676 2381; x_wconf 80' lang='grc' dir='ltr'>άπὸ</span> <span class='ocrx_word' id='word_1_146' title='bbox 702 2316 807 2400; x_wconf 70' lang='grc' dir='ltr'><strong><em>δήμου</em></strong></span> <span class='ocrx_word' id='word_1_147' title='bbox 822 2313 987 2403; x_wconf 79' lang='grc' dir='ltr'><strong><em>σύρφακος</em></strong></span> <span class='ocrx_word' id='word_1_148' title='bbox 1007 2320 1042 2384; x_wconf 77' lang='grc' dir='ltr'>ἒν</span> <span class='ocrx_word' id='word_1_149' title='bbox 1060 2321 1163 2406; x_wconf 74' lang='grc' dir='ltr'><strong><em>εὐφη-</em></strong></span> 
     </span>
     <span class='ocr_line' id='line_1_19' title="bbox 73 2406 1160 2498; baseline 0.003 -19"><span class='ocrx_word' id='word_1_150' title='bbox 73 2418 163 2498; x_wconf 82' lang='grc' dir='ltr'><strong><em>μίαις</em></strong></span> <span class='ocrx_word' id='word_1_151' title='bbox 184 2417 414 2482; x_wconf 66' lang='grc' dir='ltr'><strong><em>ἀνακαλεῖσθαι</em></strong></span> <span class='ocrx_word' id='word_1_152' title='bbox 431 2406 593 2498; x_wconf 73' lang='grc' dir='ltr'><strong><em>Πύρρον.</em></strong></span> <span class='ocrx_word' id='word_1_153' title='bbox 643 2409 679 2489; x_wconf 80' lang='grc' dir='ltr'>ὃς</span> <span class='ocrx_word' id='word_1_154' title='bbox 699 2418 731 2479; x_wconf 86' lang='grc' dir='ltr'><strong><em>εἰ</em></strong></span> <span class='ocrx_word' id='word_1_155' title='bbox 747 2415 808 2495; x_wconf 80' lang='grc' dir='ltr'>μὲν</span> <span class='ocrx_word' id='word_1_156' title='bbox 821 2409 924 2491; x_wconf 70' lang='grc' dir='ltr'><strong><em>οὕτως</em></strong></span> <span class='ocrx_word' id='word_1_157' title='bbox 944 2413 1022 2497; x_wconf 78' lang='grc' dir='ltr'>ἐβοά</span> <span class='ocrx_word' id='word_1_158' title='bbox 1045 2414 1101 2481; x_wconf 78' lang='grc' dir='ltr'>διὰ</span> <span class='ocrx_word' id='word_1_159' title='bbox 1123 2416 1160 2483; x_wconf 82' lang='grc' dir='ltr'>τά</span> 
     </span>
     <span class='ocr_line' id='line_1_20' title="bbox 74 2506 1162 2600; baseline 0.001 -19"><span class='ocrx_word' id='word_1_160' title='bbox 74 2512 362 2600; x_wconf 72' lang='grc' dir='ltr'><strong><em>ἐρυθροπρόσωνιον</em></strong></span> <span class='ocrx_word' id='word_1_161' title='bbox 382 2506 465 2579; x_wconf 79' lang='grc' dir='ltr'><strong><em>εἶναι</em></strong></span> <span class='ocrx_word' id='word_1_162' title='bbox 472 2563 483 2594; x_wconf 92' lang='grc'><strong><em>,</em></strong></span> <span class='ocrx_word' id='word_1_163' title='bbox 503 2511 606 2596; x_wconf 77' lang='grc' dir='ltr'><strong><em>ἔλεγεν</em></strong></span> <span class='ocrx_word' id='word_1_164' title='bbox 626 2509 752 2578; x_wconf 82' lang='grc' dir='ltr'><strong><em>εἰκότα·</em></strong></span> <span class='ocrx_word' id='word_1_165' title='bbox 808 2513 842 2578; x_wconf 83' lang='grc' dir='ltr'><strong><em>εί</em></strong></span> <span class='ocrx_word' id='word_1_166' title='bbox 857 2516 885 2577; x_wconf 82' lang='grc' dir='ltr'>δ’</span> <span class='ocrx_word' id='word_1_167' title='bbox 906 2513 950 2592; x_wconf 75' lang='grc' dir='ltr'>ὥς</span> <span class='ocrx_word' id='word_1_168' title='bbox 969 2511 1050 2599; x_wconf 80' lang='grc' dir='ltr'><strong><em>πρὸς</em></strong></span> <span class='ocrx_word' id='word_1_169' title='bbox 1070 2513 1162 2582; x_wconf 80' lang='grc' dir='ltr'><strong><em>ἔκαι-</em></strong></span> 
     </span>
     <span class='ocr_line' id='line_1_21' title="bbox 15 2607 1161 2701; baseline 0.003 -22"><span class='ocrx_word' id='word_1_170' title='bbox 15 2623 124 2679; x_wconf 64' lang='grc' dir='ltr'><strong><em>ὶσνον</em></strong></span> <span class='ocrx_word' id='word_1_171' title='bbox 144 2614 313 2698; x_wconf 81' lang='grc' dir='ltr'><strong><em>α’νὸρείας,</em></strong></span> <span class='ocrx_word' id='word_1_172' title='bbox 346 2609 472 2696; x_wconf 77' lang='grc' dir='ltr'><strong><em>ἔθελγεν</em></strong></span> <span class='ocrx_word' id='word_1_173' title='bbox 492 2610 535 2688; x_wconf 82' lang='grc' dir='ltr'>σάς</span> <span class='ocrx_word' id='word_1_174' title='bbox 555 2613 643 2676; x_wconf 77' lang='grc' dir='ltr'><strong><em>νέον.</em></strong></span> <span class='ocrx_word' id='word_1_175' title='bbox 685 2609 723 2675; x_wconf 84' lang='grc' dir='ltr'>σά</span> <span class='ocrx_word' id='word_1_176' title='bbox 743 2610 805 2698; x_wconf 77' lang='grc' dir='ltr'>γάρ</span> <span class='ocrx_word' id='word_1_177' title='bbox 826 2607 934 2701; x_wconf 78' lang='grc' dir='ltr'><strong><em>ἥρωας</em></strong></span> <span class='ocrx_word' id='word_1_178' title='bbox 953 2609 1094 2699; x_wconf 75' lang='grc' dir='ltr'><strong><em>ἔβαλλεν,</em></strong></span> <span class='ocrx_word' id='word_1_179' title='bbox 1115 2614 1161 2694; x_wconf 70' lang='grc' dir='ltr'>οἷς</span> 
     </span>
     <span class='ocr_line' id='line_1_22' title="bbox 72 2704 1056 2802; baseline -0.003 -20"><span class='ocrx_word' id='word_1_180' title='bbox 72 2710 225 2802; x_wconf 71' lang='grc' dir='ltr'><strong><em>Πύρρος,</em></strong></span> <span class='ocrx_word' id='word_1_181' title='bbox 246 2710 326 2780; x_wconf 70' lang='lat' dir='ltr'>otti</span> <span class='ocrx_word' id='word_1_182' title='bbox 347 2709 543 2798; x_wconf 74' lang='grc' dir='ltr'><strong><em>γυναιμανῆς</em></strong></span> <span class='ocrx_word' id='word_1_183' title='bbox 563 2704 611 2799; x_wconf 76' lang='grc' dir='ltr'>ἦν,</span> <span class='ocrx_word' id='word_1_184' title='bbox 632 2709 676 2788; x_wconf 80' lang='grc' dir='ltr'>(ὃς</span> <span class='ocrx_word' id='word_1_185' title='bbox 695 2707 828 2800; x_wconf 85' lang='grc' dir='ltr'><strong><em>Πάρις.</em></strong></span> <span class='ocrx_word' id='word_1_186' title='bbox 868 2715 957 2779; x_wconf 71' lang='lat' dir='ltr'>Sosii.</span> <span class='ocrx_word' id='word_1_187' title='bbox 976 2739 1004 2779; x_wconf 83' lang='grc' dir='ltr'>ο.</span> <span class='ocrx_word' id='word_1_188' title='bbox 1022 2739 1056 2779; x_wconf 93' lang='grc' dir='ltr'>υ.</span> 
     </span>
    </p>
   </div>
   <div class='ocr_carea' id='block_1_4' title="bbox 54 2894 1160 4449">
    <p class='ocr_par' dir='ltr' id='par_1_4' title="bbox 57 2894 1160 4237">
     <span class='ocr_line' id='line_1_23' title="bbox 71 2894 1160 2970; baseline 0.006 -19"><span class='ocrx_word' id='word_1_189' title='bbox 71 2897 105 2954; x_wconf 79' lang='lat' dir='ltr'>do</span> <span class='ocrx_word' id='word_1_190' title='bbox 123 2898 230 2953; x_wconf 86' lang='lat' dir='ltr'>diutius</span> <span class='ocrx_word' id='word_1_191' title='bbox 248 2897 359 2954; x_wconf 84' lang='lat' dir='ltr'>duraret</span> <span class='ocrx_word' id='word_1_192' title='bbox 378 2905 407 2953; x_wconf 89' lang='lat' dir='ltr'>et.</span> <span class='ocrx_word' id='word_1_193' title='bbox 423 2898 569 2969; x_wconf 84' lang='lat' dir='ltr'>utriusque</span> <span class='ocrx_word' id='word_1_194' title='bbox 586 2894 673 2952; x_wconf 83' lang='lat' dir='ltr'>iorma</span> <span class='ocrx_word' id='word_1_195' title='bbox 689 2916 748 2955; x_wconf 89' lang='lat' dir='ltr'>non</span> <span class='ocrx_word' id='word_1_196' title='bbox 760 2898 879 2970; x_wconf 78' lang='lat' dir='ltr'>vulgaris</span> <span class='ocrx_word' id='word_1_197' title='bbox 892 2907 978 2965; x_wconf 87' lang='lat' dir='ltr'>esset,</span> <span class='ocrx_word' id='word_1_198' title='bbox 998 2898 1079 2955; x_wconf 81' lang='lat' dir='ltr'>anaba</span> <span class='ocrx_word' id='word_1_199' title='bbox 1096 2914 1160 2957; x_wconf 85' lang='lat' dir='ltr'>mu·</span> 
     </span>
     <span class='ocr_line' id='line_1_24' title="bbox 69 2969 1160 3040; baseline 0.003 -19"><span class='ocrx_word' id='word_1_200' title='bbox 69 2977 117 3023; x_wconf 85' lang='lat' dir='ltr'>tao</span> <span class='ocrx_word' id='word_1_201' title='bbox 135 2986 228 3023; x_wconf 86' lang='lat' dir='ltr'>amore</span> <span class='ocrx_word' id='word_1_202' title='bbox 245 2969 423 3024; x_wconf 81' lang='lat' dir='ltr'>vehementer</span> <span class='ocrx_word' id='word_1_203' title='bbox 440 2970 535 3023; x_wconf 86' lang='lat' dir='ltr'>ardere</span> <span class='ocrx_word' id='word_1_204' title='bbox 553 2978 713 3040; x_wconf 84' lang='lat' dir='ltr'>coeperunt.</span> <span class='ocrx_word' id='word_1_205' title='bbox 750 2970 851 3023; x_wconf 88' lang='lat' dir='ltr'>Oculos</span> <span class='ocrx_word' id='word_1_206' title='bbox 868 2970 952 3040; x_wconf 79' lang='lat' dir='ltr'>igitur</span> <span class='ocrx_word' id='word_1_207' title='bbox 971 2973 1002 3024; x_wconf 92' lang='lat' dir='ltr'>in</span> <span class='ocrx_word' id='word_1_208' title='bbox 1027 2989 1057 3025; x_wconf 84' lang='lat' dir='ltr'>sc</span> <span class='ocrx_word' id='word_1_209' title='bbox 1076 2972 1160 3026; x_wconf 83' lang='lat' dir='ltr'>vicis·</span> 
     </span>
     <span class='ocr_line' id='line_1_25' title="bbox 70 3039 1160 3107; baseline 0.003 -18"><span class='ocrx_word' id='word_1_210' title='bbox 70 3041 121 3091; x_wconf 84' lang='lat' dir='ltr'>sina</span> <span class='ocrx_word' id='word_1_211' title='bbox 140 3041 345 3107; x_wconf 88' lang='lat' dir='ltr'>coniiciebant,</span> <span class='ocrx_word' id='word_1_212' title='bbox 371 3049 398 3093; x_wconf 89' lang='lat' dir='ltr'>et</span> <span class='ocrx_word' id='word_1_213' title='bbox 417 3040 510 3092; x_wconf 73' lang='lat' dir='ltr'>vultus</span> <span class='ocrx_word' id='word_1_214' title='bbox 529 3041 648 3093; x_wconf 87' lang='lat' dir='ltr'>subinde</span> <span class='ocrx_word' id='word_1_215' title='bbox 668 3039 880 3103; x_wconf 84' lang='lat' dir='ltr'>convertebant,</span> <span class='ocrx_word' id='word_1_216' title='bbox 904 3050 932 3092; x_wconf 90' lang='lat' dir='ltr'>et</span> <span class='ocrx_word' id='word_1_217' title='bbox 949 3041 1024 3094; x_wconf 80' lang='lat' dir='ltr'>inter</span> <span class='ocrx_word' id='word_1_218' title='bbox 1040 3057 1069 3094; x_wconf 87' lang='lat' dir='ltr'>se</span> <span class='ocrx_word' id='word_1_219' title='bbox 1086 3043 1160 3093; x_wconf 89' lang='lat' dir='ltr'>arri-</span> 
     </span>
     <span class='ocr_line' id='line_1_26' title="bbox 70 3109 1159 3178; baseline 0.002 -17"><span class='ocrx_word' id='word_1_220' title='bbox 70 3109 181 3164; x_wconf 75' lang='lat' dir='ltr'>debant.</span> <span class='ocrx_word' id='word_1_221' title='bbox 226 3112 296 3163; x_wconf 83' lang='lat' dir='ltr'>Hinc</span> <span class='ocrx_word' id='word_1_222' title='bbox 315 3119 406 3164; x_wconf 84' lang='lat' dir='ltr'>autem</span> <span class='ocrx_word' id='word_1_223' title='bbox 427 3110 507 3163; x_wconf 85' lang='lat' dir='ltr'>dolor</span> <span class='ocrx_word' id='word_1_224' title='bbox 524 3128 557 3163; x_wconf 81' lang='lat' dir='ltr'>ex</span> <span class='ocrx_word' id='word_1_225' title='bbox 576 3127 667 3163; x_wconf 88' lang='lat' dir='ltr'>amore</span> <span class='ocrx_word' id='word_1_226' title='bbox 686 3119 766 3162; x_wconf 91' lang='lat' dir='ltr'>natus</span> <span class='ocrx_word' id='word_1_227' title='bbox 784 3111 864 3162; x_wconf 82' lang='lat' dir='ltr'>vultu</span> <span class='ocrx_word' id='word_1_228' title='bbox 891 3111 1043 3178; x_wconf 80' lang='lat' dir='ltr'>tegebatur.</span> <span class='ocrx_word' id='word_1_229' title='bbox 1087 3112 1159 3164; x_wconf 86' lang='lat' dir='ltr'>Cum</span> 
     </span>
     <span class='ocr_line' id='line_1_27' title="bbox 69 3176 1159 3235; baseline 0.001 -4"><span class='ocrx_word' id='word_1_230' title='bbox 69 3190 161 3235; x_wconf 88' lang='lat' dir='ltr'>autem</span> <span class='ocrx_word' id='word_1_231' title='bbox 180 3199 260 3234; x_wconf 86' lang='lat' dir='ltr'>suurn</span> <span class='ocrx_word' id='word_1_232' title='bbox 277 3180 403 3234; x_wconf 82' lang='lat' dir='ltr'><strong>morbum</strong></span> <span class='ocrx_word' id='word_1_233' title='bbox 421 3181 529 3234; x_wconf 79' lang='lat' dir='ltr'>Danieli</span> <span class='ocrx_word' id='word_1_234' title='bbox 547 3179 673 3233; x_wconf 89' lang='lat' dir='ltr'>eunucho</span> <span class='ocrx_word' id='word_1_235' title='bbox 692 3188 720 3232; x_wconf 88' lang='lat' dir='ltr'>ct</span> <span class='ocrx_word' id='word_1_236' title='bbox 738 3181 840 3232; x_wconf 84' lang='lat' dir='ltr'>Mariae</span> <span class='ocrx_word' id='word_1_237' title='bbox 859 3176 1002 3233; x_wconf 82' lang='lat' dir='ltr'>obstetrici</span> <span class='ocrx_word' id='word_1_238' title='bbox 1019 3179 1159 3233; x_wconf 78' lang='lat' dir='ltr'>declaras·</span> 
     </span>
     <span class='ocr_line' id='line_1_28' title="bbox 68 3248 1157 3321; baseline 0 -18"><span class='ocrx_word' id='word_1_239' title='bbox 68 3262 145 3315; x_wconf 90' lang='lat' dir='ltr'>sent,</span> <span class='ocrx_word' id='word_1_240' title='bbox 163 3260 193 3304; x_wconf 90' lang='lat' dir='ltr'>et</span> <span class='ocrx_word' id='word_1_241' title='bbox 209 3251 284 3305; x_wconf 88' lang='lat' dir='ltr'>bunc</span> <span class='ocrx_word' id='word_1_242' title='bbox 301 3255 360 3321; x_wconf 89' lang='lat' dir='ltr'>ipsa</span> <span class='ocrx_word' id='word_1_243' title='bbox 377 3254 465 3304; x_wconf 90' lang='lat' dir='ltr'>coitus</span> <span class='ocrx_word' id='word_1_244' title='bbox 483 3251 619 3304; x_wconf 86' lang='lat' dir='ltr'>medicina</span> <span class='ocrx_word' id='word_1_245' title='bbox 638 3253 684 3303; x_wconf 82' lang='lat' dir='ltr'>vis</span> <span class='ocrx_word' id='word_1_246' title='bbox 701 3251 857 3315; x_wconf 84' lang='lat' dir='ltr'>sanassent,</span> <span class='ocrx_word' id='word_1_247' title='bbox 882 3248 998 3302; x_wconf 84' lang='lat' dir='ltr'>Zenonis</span> <span class='ocrx_word' id='word_1_248' title='bbox 1024 3249 1157 3303; x_wconf 79' lang='lat' dir='ltr'>basilisco</span> 
     </span>
     <span class='ocr_line' id='line_1_29' title="bbox 67 3318 1157 3393; baseline -0.003 -18"><span class='ocrx_word' id='word_1_249' title='bbox 67 3321 190 3375; x_wconf 86' lang='lat' dir='ltr'>blandiri</span> <span class='ocrx_word' id='word_1_250' title='bbox 208 3324 315 3393; x_wconf 87' lang='lat' dir='ltr'>coepit,</span> <span class='ocrx_word' id='word_1_251' title='bbox 334 3332 365 3376; x_wconf 92' lang='lat' dir='ltr'>ut</span> <span class='ocrx_word' id='word_1_252' title='bbox 383 3330 488 3374; x_wconf 85' lang='lat' dir='ltr'>amator</span> <span class='ocrx_word' id='word_1_253' title='bbox 505 3322 656 3390; x_wconf 85' lang='lat' dir='ltr'>principem</span> <span class='ocrx_word' id='word_1_254' title='bbox 676 3320 704 3370; x_wconf 92' lang='lat' dir='ltr'>in</span> <span class='ocrx_word' id='word_1_255' title='bbox 723 3318 791 3373; x_wconf 87' lang='lat' dir='ltr'>urbo</span> <span class='ocrx_word' id='word_1_256' title='bbox 807 3321 898 3372; x_wconf 91' lang='lat' dir='ltr'>locum</span> <span class='ocrx_word' id='word_1_257' title='bbox 911 3326 1025 3373; x_wconf 85' lang='lat' dir='ltr'>teneret.</span> <span class='ocrx_word' id='word_1_258' title='bbox 1062 3319 1157 3373; x_wconf 68' lang='lat' dir='ltr'>Theo-</span> 
     </span>
     <span class='ocr_line' id='line_1_30' title="bbox 68 3388 1156 3461; baseline -0.003 -15"><span class='ocrx_word' id='word_1_259' title='bbox 68 3392 176 3446; x_wconf 85' lang='lat' dir='ltr'>doricus</span> <span class='ocrx_word' id='word_1_260' title='bbox 202 3401 293 3446; x_wconf 87' lang='lat' dir='ltr'>autem</span> <span class='ocrx_word' id='word_1_261' title='bbox 322 3393 557 3454; x_wconf 84' lang='lat' dir='ltr'>animadvertens,</span> <span class='ocrx_word' id='word_1_262' title='bbox 587 3393 727 3442; x_wconf 81' lang='lat' dir='ltr'>Armatum</span> <span class='ocrx_word' id='word_1_263' title='bbox 754 3389 788 3441; x_wconf 91' lang='lat' dir='ltr'>ab</span> <span class='ocrx_word' id='word_1_264' title='bbox 820 3388 947 3444; x_wconf 85' lang='lat' dir='ltr'>omnibus</span> <span class='ocrx_word' id='word_1_265' title='bbox 974 3391 1046 3454; x_wconf 81' lang='lat' dir='ltr'>coli,</span> <span class='ocrx_word' id='word_1_266' title='bbox 1078 3390 1156 3461; x_wconf 81' lang='lat' dir='ltr'>quod</span> 
     </span>
     <span class='ocr_line' id='line_1_31' title="bbox 67 3460 1155 3535; baseline 0 -20"><span class='ocrx_word' id='word_1_267' title='bbox 67 3465 153 3535; x_wconf 65' lang='lat' dir='ltr'>gloria</span> <span class='ocrx_word' id='word_1_268' title='bbox 172 3471 347 3533; x_wconf 71' lang='lat' dir='ltr'>superaretur</span> <span class='ocrx_word' id='word_1_269' title='bbox 363 3464 397 3516; x_wconf 88' lang='lat' dir='ltr'>ab</span> <span class='ocrx_word' id='word_1_270' title='bbox 416 3460 607 3524; x_wconf 71' lang='lat' dir='ltr'><strong>adolescente,</strong></span> <span class='ocrx_word' id='word_1_271' title='bbox 625 3460 672 3532; x_wconf 91' lang='lat' dir='ltr'>qui</span> <span class='ocrx_word' id='word_1_272' title='bbox 691 3461 804 3530; x_wconf 86' lang='lat' dir='ltr'>capillos</span> <span class='ocrx_word' id='word_1_273' title='bbox 824 3467 931 3513; x_wconf 85' lang='lat' dir='ltr'>tanturn</span> <span class='ocrx_word' id='word_1_274' title='bbox 955 3469 984 3515; x_wconf 83' lang='lat' dir='ltr'>et</span> <span class='ocrx_word' id='word_1_275' title='bbox 1010 3461 1079 3514; x_wconf 85' lang='lat' dir='ltr'>sitas</span> <span class='ocrx_word' id='word_1_276' title='bbox 1093 3476 1155 3515; x_wconf 75' lang='lat' dir='ltr'>cor·</span> 
     </span>
     <span class='ocr_line' id='line_1_32' title="bbox 65 3532 1154 3603; baseline 0.001 -18"><span class='ocrx_word' id='word_1_277' title='bbox 65 3537 141 3603; x_wconf 86' lang='lat' dir='ltr'>poris</span> <span class='ocrx_word' id='word_1_278' title='bbox 174 3536 382 3588; x_wconf 72' lang='lat' dir='ltr'>exercitationes</span> <span class='ocrx_word' id='word_1_279' title='bbox 423 3534 550 3594; x_wconf 90' lang='lat' dir='ltr'>curabat,</span> <span class='ocrx_word' id='word_1_280' title='bbox 583 3532 786 3601; x_wconf 78' lang='lat' dir='ltr'>indignabatur.</span> <span class='ocrx_word' id='word_1_281' title='bbox 839 3532 966 3584; x_wconf 78' lang='lat' dir='ltr'>Armatus</span> <span class='ocrx_word' id='word_1_282' title='bbox 995 3547 1059 3586; x_wconf 75' lang='lat' dir='ltr'>vero</span> <span class='ocrx_word' id='word_1_283' title='bbox 1091 3549 1154 3586; x_wconf 86' lang='lat' dir='ltr'>cum</span> 
     </span>
     <span class='ocr_line' id='line_1_33' title="bbox 65 3600 1154 3675; baseline -0.001 -20"><span class='ocrx_word' id='word_1_284' title='bbox 65 3614 180 3675; x_wconf 90' lang='lat' dir='ltr'>propter</span> <span class='ocrx_word' id='word_1_285' title='bbox 195 3608 373 3674; x_wconf 84' lang='lat' dir='ltr'>pecuniarum</span> <span class='ocrx_word' id='word_1_286' title='bbox 395 3603 579 3661; x_wconf 83' lang='lat' dir='ltr'>affluentiam,</span> <span class='ocrx_word' id='word_1_287' title='bbox 609 3609 666 3653; x_wconf 87' lang='lat' dir='ltr'>tum</span> <span class='ocrx_word' id='word_1_288' title='bbox 685 3603 721 3655; x_wconf 89' lang='lat' dir='ltr'>ob</span> <span class='ocrx_word' id='word_1_289' title='bbox 739 3600 852 3654; x_wconf 84' lang='lat' dir='ltr'>honoris</span> <span class='ocrx_word' id='word_1_290' title='bbox 870 3601 1083 3671; x_wconf 82' lang='lat' dir='ltr'>amplitudinem</span> <span class='ocrx_word' id='word_1_291' title='bbox 1108 3605 1154 3655; x_wconf 75' lang='lat' dir='ltr'>in·</span> 
     </span>
     <span class='ocr_line' id='line_1_34' title="bbox 57 3672 1153 3744; baseline -0.001 -17"><span class='ocrx_word' id='word_1_292' title='bbox 57 3675 164 3739; x_wconf 65' lang='lat' dir='ltr'>ssatus,</span> <span class='ocrx_word' id='word_1_293' title='bbox 189 3675 326 3727; x_wconf 89' lang='lat' dir='ltr'>nerninem</span> <span class='ocrx_word' id='word_1_294' title='bbox 344 3674 506 3728; x_wconf 79' lang='lat' dir='ltr'>fortitudine</span> <span class='ocrx_word' id='word_1_295' title='bbox 522 3691 550 3726; x_wconf 89' lang='lat' dir='ltr'>se</span> <span class='ocrx_word' id='word_1_296' title='bbox 569 3672 795 3744; x_wconf 82' lang='lat' dir='ltr'>praestantiorem</span> <span class='ocrx_word' id='word_1_297' title='bbox 812 3674 872 3725; x_wconf 81' lang='lat' dir='ltr'>sore</span> <span class='ocrx_word' id='word_1_298' title='bbox 895 3674 1018 3743; x_wconf 88' lang='lat' dir='ltr'>putabat.</span> <span class='ocrx_word' id='word_1_299' title='bbox 1061 3673 1153 3744; x_wconf 78' lang='lat' dir='ltr'>Atque</span> 
     </span>
     <span class='ocr_line' id='line_1_35' title="bbox 63 3741 1153 3815; baseline -0.001 -19"><span class='ocrx_word' id='word_1_300' title='bbox 63 3742 109 3797; x_wconf 85' lang='lat' dir='ltr'>bic</span> <span class='ocrx_word' id='word_1_301' title='bbox 127 3746 216 3815; x_wconf 88' lang='lat' dir='ltr'>ipsius</span> <span class='ocrx_word' id='word_1_302' title='bbox 235 3764 309 3799; x_wconf 84' lang='lat' dir='ltr'>error</span> <span class='ocrx_word' id='word_1_303' title='bbox 327 3755 356 3799; x_wconf 88' lang='lat' dir='ltr'>et</span> <span class='ocrx_word' id='word_1_304' title='bbox 375 3746 444 3797; x_wconf 84' lang='lat' dir='ltr'>falsa</span> <span class='ocrx_word' id='word_1_305' title='bbox 462 3745 576 3815; x_wconf 90' lang='lat' dir='ltr'>opinio,</span> <span class='ocrx_word' id='word_1_306' title='bbox 595 3761 677 3813; x_wconf 89' lang='lat' dir='ltr'>quam</span> <span class='ocrx_word' id='word_1_307' title='bbox 696 3741 731 3794; x_wconf 86' lang='lat' dir='ltr'>de</span> <span class='ocrx_word' id='word_1_308' title='bbox 749 3761 778 3795; x_wconf 86' lang='lat' dir='ltr'>sc</span> <span class='ocrx_word' id='word_1_309' title='bbox 795 3745 972 3813; x_wconf 78' lang='lat' dir='ltr'>conceperat,</span> <span class='ocrx_word' id='word_1_310' title='bbox 991 3746 1022 3797; x_wconf 89' lang='lat' dir='ltr'>in</span> <span class='ocrx_word' id='word_1_311' title='bbox 1037 3755 1070 3797; x_wconf 80' lang='lat' dir='ltr'>eo</span> <span class='ocrx_word' id='word_1_312' title='bbox 1088 3750 1153 3795; x_wconf 84' lang='lat' dir='ltr'>tan·</span> 
     </span>
     <span class='ocr_line' id='line_1_36' title="bbox 63 3814 1151 3881; baseline -0.003 -15"><span class='ocrx_word' id='word_1_313' title='bbox 63 3822 123 3867; x_wconf 89' lang='lat' dir='ltr'>tum</span> <span class='ocrx_word' id='word_1_314' title='bbox 143 3814 285 3879; x_wconf 87' lang='lat' dir='ltr'>obtinuit,</span> <span class='ocrx_word' id='word_1_315' title='bbox 308 3824 340 3868; x_wconf 90' lang='lat' dir='ltr'>ut</span> <span class='ocrx_word' id='word_1_316' title='bbox 356 3814 471 3868; x_wconf 81' lang='lat' dir='ltr'>Achillis</span> <span class='ocrx_word' id='word_1_317' title='bbox 491 3814 617 3865; x_wconf 88' lang='lat' dir='ltr'>habitum</span> <span class='ocrx_word' id='word_1_318' title='bbox 646 3823 676 3865; x_wconf 86' lang='lat' dir='ltr'>et</span> <span class='ocrx_word' id='word_1_319' title='bbox 704 3814 808 3866; x_wconf 88' lang='lat' dir='ltr'>cultum</span> <span class='ocrx_word' id='word_1_320' title='bbox 832 3822 997 3876; x_wconf 82' lang='lat' dir='ltr'>assumeret,</span> <span class='ocrx_word' id='word_1_321' title='bbox 1024 3822 1051 3866; x_wconf 84' lang='lat' dir='ltr'>et</span> <span class='ocrx_word' id='word_1_322' title='bbox 1078 3827 1151 3881; x_wconf 85' lang='lat' dir='ltr'>equo</span> 
     </span>
     <span class='ocr_line' id='line_1_37' title="bbox 64 3879 1152 3957; baseline -0.001 -21"><span class='ocrx_word' id='word_1_323' title='bbox 64 3893 243 3957; x_wconf 81' lang='lat' dir='ltr'>erectuaper</span> <span class='ocrx_word' id='word_1_324' title='bbox 263 3887 358 3938; x_wconf 86' lang='lat' dir='ltr'>urbem</span> <span class='ocrx_word' id='word_1_325' title='bbox 377 3888 415 3938; x_wconf 88' lang='lat' dir='ltr'>ita</span> <span class='ocrx_word' id='word_1_326' title='bbox 434 3884 602 3945; x_wconf 85' lang='lat' dir='ltr'>circumiret,</span> <span class='ocrx_word' id='word_1_327' title='bbox 631 3892 656 3935; x_wconf 88' lang='lat' dir='ltr'>et</span> <span class='ocrx_word' id='word_1_328' title='bbox 685 3883 715 3934; x_wconf 89' lang='lat' dir='ltr'>in</span> <span class='ocrx_word' id='word_1_329' title='bbox 750 3883 938 3953; x_wconf 82' lang='lat' dir='ltr'>Hippodrorno</span> <span class='ocrx_word' id='word_1_330' title='bbox 971 3885 1058 3936; x_wconf 83' lang='lat' dir='ltr'>instar</span> <span class='ocrx_word' id='word_1_331' title='bbox 1085 3879 1152 3951; x_wconf 78' lang='lat' dir='ltr'>aqut</span> 
     </span>
     <span class='ocr_line' id='line_1_38' title="bbox 62 3954 1151 4023; baseline -0.005 -16"><span class='ocrx_word' id='word_1_332' title='bbox 62 3955 208 4021; x_wconf 79' lang='lat' dir='ltr'>fremeret,</span> <span class='ocrx_word' id='word_1_333' title='bbox 226 3957 364 4019; x_wconf 85' lang='lat' dir='ltr'>hinniret,</span> <span class='ocrx_word' id='word_1_334' title='bbox 382 3973 411 4008; x_wconf 88' lang='lat' dir='ltr'>sc</span> <span class='ocrx_word' id='word_1_335' title='bbox 430 3955 544 4006; x_wconf 85' lang='lat' dir='ltr'>iactaret</span> <span class='ocrx_word' id='word_1_336' title='bbox 574 3961 658 4023; x_wconf 86' lang='lat' dir='ltr'>atquc</span> <span class='ocrx_word' id='word_1_337' title='bbox 686 3954 815 4007; x_wconf 86' lang='lat' dir='ltr'>ferociter</span> <span class='ocrx_word' id='word_1_338' title='bbox 834 3958 950 4012; x_wconf 80' lang='lat' dir='ltr'>efferret.</span> <span class='ocrx_word' id='word_1_339' title='bbox 993 3955 1073 4005; x_wconf 76' lang='lat' dir='ltr'>Hunc</span> <span class='ocrx_word' id='word_1_340' title='bbox 1099 3968 1151 4002; x_wconf 69' lang='lat' dir='ltr'>au-</span> 
     </span>
     <span class='ocr_line' id='line_1_39' title="bbox 61 4019 1148 4096; baseline -0.007 -17"><span class='ocrx_word' id='word_1_341' title='bbox 61 4032 118 4079; x_wconf 80' lang='lat' dir='ltr'>tem</span> <span class='ocrx_word' id='word_1_342' title='bbox 143 4025 179 4077; x_wconf 89' lang='lat' dir='ltr'>ad</span> <span class='ocrx_word' id='word_1_343' title='bbox 204 4025 364 4079; x_wconf 83' lang='lat' dir='ltr'>huiusmodi</span> <span class='ocrx_word' id='word_1_344' title='bbox 391 4026 493 4096; x_wconf 80' lang='lat' dir='ltr'>gloriae</span> <span class='ocrx_word' id='word_1_345' title='bbox 523 4026 657 4077; x_wconf 82' lang='lat' dir='ltr'>insaniam</span> <span class='ocrx_word' id='word_1_346' title='bbox 682 4025 765 4093; x_wconf 85' lang='lat' dir='ltr'>magis</span> <span class='ocrx_word' id='word_1_347' title='bbox 791 4023 952 4093; x_wconf 86' lang='lat' dir='ltr'>impellebat</span> <span class='ocrx_word' id='word_1_348' title='bbox 972 4022 1032 4092; x_wconf 87' lang='lat' dir='ltr'>ipse</span> <span class='ocrx_word' id='word_1_349' title='bbox 1056 4019 1148 4091; x_wconf 86' lang='lat' dir='ltr'>plebis</span> 
     </span>
     <span class='ocr_line' id='line_1_40' title="bbox 60 4092 1149 4167; baseline -0.006 -19"><span class='ocrx_word' id='word_1_350' title='bbox 60 4096 189 4150; x_wconf 81' lang='lat' dir='ltr'>abiectae</span> <span class='ocrx_word' id='word_1_351' title='bbox 208 4096 301 4162; x_wconf 86' lang='lat' dir='ltr'>favor,</span> <span class='ocrx_word' id='word_1_352' title='bbox 332 4114 403 4167; x_wconf 88' lang='lat' dir='ltr'>quae</span> <span class='ocrx_word' id='word_1_353' title='bbox 422 4094 501 4148; x_wconf 86' lang='lat' dir='ltr'>laetis</span> <span class='ocrx_word' id='word_1_354' title='bbox 523 4094 766 4146; x_wconf 83' lang='lat' dir='ltr'>acclamationibus</span> <span class='ocrx_word' id='word_1_355' title='bbox 787 4095 876 4164; x_wconf 87' lang='lat' dir='ltr'>ipsum</span> <span class='ocrx_word' id='word_1_356' title='bbox 902 4111 936 4163; x_wconf 92' lang='lat' dir='ltr'>ap</span> <span class='ocrx_word' id='word_1_357' title='bbox 957 4092 1060 4143; x_wconf 78' lang='lat' dir='ltr'>citabat</span> <span class='ocrx_word' id='word_1_358' title='bbox 1083 4092 1149 4158; x_wconf 65' lang='lat' dir='ltr'>Pyr-</span> 
     </span>
     <span class='ocr_line' id='line_1_41' title="bbox 58 4112 1147 4237; baseline -0.007 -17"><span class='ocrx_word' id='word_1_359' title='bbox 58 4166 150 4220; x_wconf 78' lang='lat' dir='ltr'>rhum.</span> <span class='ocrx_word' id='word_1_360' title='bbox 187 4166 277 4237; x_wconf 85' lang='lat' dir='ltr'>Quae,</span> <span class='ocrx_word' id='word_1_361' title='bbox 303 4169 327 4220; x_wconf 87' lang='lat' dir='ltr'>si</span> <span class='ocrx_word' id='word_1_362' title='bbox 351 4167 462 4237; x_wconf 86' lang='lat' dir='ltr'>quidem</span> <span class='ocrx_word' id='word_1_363' title='bbox 481 4167 572 4236; x_wconf 86' lang='lat' dir='ltr'>ipsum</span> <span class='ocrx_word' id='word_1_364' title='bbox 589 4164 629 4215; x_wconf 86' lang='lat' dir='ltr'>ita</span> <span class='ocrx_word' id='word_1_365' title='bbox 648 4163 777 4227; x_wconf 87' lang='lat' dir='ltr'>vocabat,</span> <span class='ocrx_word' id='word_1_366' title='bbox 803 4164 878 4236; x_wconf 86' lang='lat' dir='ltr'>quod</span> <span class='ocrx_word' id='word_1_367' title='bbox 901 4112 1054 4216; x_wconf 74' lang='lat' dir='ltr'>rubicunda</span> <span class='ocrx_word' id='word_1_368' title='bbox 1075 4160 1147 4212; x_wconf 82' lang='lat' dir='ltr'>facia</span> 
     </span>
    </p>

    <p class='ocr_par' dir='ltr' id='par_1_5' title="bbox 54 4231 1148 4449">
     <span class='ocr_line' id='line_1_42' title="bbox 79 4231 1147 4301; baseline -0.007 -13"><span class='ocrx_word' id='word_1_369' title='bbox 79 4238 203 4290; x_wconf 84' lang='lat' dir='ltr'>raeditus</span> <span class='ocrx_word' id='word_1_370' title='bbox 222 4246 308 4301; x_wconf 84' lang='lat' dir='ltr'>esset,</span> <span class='ocrx_word' id='word_1_371' title='bbox 327 4236 489 4290; x_wconf 80' lang='lat' dir='ltr'>verisimiiia</span> <span class='ocrx_word' id='word_1_372' title='bbox 508 4233 626 4285; x_wconf 77' lang='lat' dir='ltr'>dicebat.</span> <span class='ocrx_word' id='word_1_373' title='bbox 663 4231 692 4285; x_wconf 90' lang='lat' dir='ltr'>Si</span> <span class='ocrx_word' id='word_1_374' title='bbox 710 4248 776 4285; x_wconf 82' lang='lat' dir='ltr'>vero</span> <span class='ocrx_word' id='word_1_375' title='bbox 794 4245 825 4286; x_wconf 90' lang='lat' dir='ltr'>ut</span> <span class='ocrx_word' id='word_1_376' title='bbox 844 4233 878 4285; x_wconf 90' lang='lat' dir='ltr'>ad</span> <span class='ocrx_word' id='word_1_377' title='bbox 896 4232 1067 4285; x_wconf 77' lang='lat' dir='ltr'>fortitudinis</span> <span class='ocrx_word' id='word_1_378' title='bbox 1085 4231 1147 4282; x_wconf 79' lang='lat' dir='ltr'>lau·-</span> 
     </span>
     <span class='ocr_line' id='line_1_43' title="bbox 55 4254 1147 4372; baseline -0.005 -12"><span class='ocrx_word' id='word_1_379' title='bbox 55 4254 124 4361; x_wconf 56' lang='lat' dir='ltr'>bem</span> <span class='ocrx_word' id='word_1_380' title='bbox 142 4308 212 4360; x_wconf 87' lang='lat' dir='ltr'>haec</span> <span class='ocrx_word' id='word_1_381' title='bbox 229 4307 358 4370; x_wconf 89' lang='lat' dir='ltr'>dicebat,</span> <span class='ocrx_word' id='word_1_382' title='bbox 377 4317 409 4360; x_wconf 91' lang='lat' dir='ltr'>ut</span> <span class='ocrx_word' id='word_1_383' title='bbox 427 4305 629 4358; x_wconf 83' lang='lat' dir='ltr'>adolescentem</span> <span class='ocrx_word' id='word_1_384' title='bbox 648 4301 809 4357; x_wconf 81' lang='lat' dir='ltr'>deliniebat.</span> <span class='ocrx_word' id='word_1_385' title='bbox 845 4304 942 4372; x_wconf 79' lang='lat' dir='ltr'>Neque</span> <span class='ocrx_word' id='word_1_386' title='bbox 961 4303 1034 4354; x_wconf 85' lang='lat' dir='ltr'>enirn</span> <span class='ocrx_word' id='word_1_387' title='bbox 1049 4301 1147 4355; x_wconf 75' lang='lat' dir='ltr'>heroe·</span> 
     </span>
     <span class='ocr_line' id='line_1_44' title="bbox 54 4372 1148 4449; baseline -0.007 -15"><span class='ocrx_word' id='word_1_388' title='bbox 54 4380 123 4434; x_wconf 85' lang='lat' dir='ltr'>telis</span> <span class='ocrx_word' id='word_1_389' title='bbox 141 4379 272 4449; x_wconf 86' lang='lat' dir='ltr'>petebat,</span> <span class='ocrx_word' id='word_1_390' title='bbox 290 4378 320 4431; x_wconf 85' lang='lat' dir='ltr'>u&#39;t</span> <span class='ocrx_word' id='word_1_391' title='bbox 337 4374 468 4446; x_wconf 78' lang='lat' dir='ltr'>Pyrrhus:</span> <span class='ocrx_word' id='word_1_392' title='bbox 488 4374 538 4432; x_wconf 74' lang='lat' dir='ltr'>sest</span> <span class='ocrx_word' id='word_1_393' title='bbox 552 4375 650 4430; x_wconf 88' lang='lat' dir='ltr'>insano</span> <span class='ocrx_word' id='word_1_394' title='bbox 667 4375 815 4429; x_wconf 86' lang='lat' dir='ltr'>mulierum</span> <span class='ocrx_word' id='word_1_395' title='bbox 834 4388 926 4426; x_wconf 84' lang='lat' dir='ltr'>amore</span> <span class='ocrx_word' id='word_1_396' title='bbox 950 4372 1065 4442; x_wconf 80' lang='lat' dir='ltr'>flagrans</span> <span class='ocrx_word' id='word_1_397' title='bbox 1087 4380 1148 4427; x_wconf 80' lang='lat' dir='ltr'>crat</span> 
     </span>
    </p>
   </div>
   <div class='ocr_carea' id='block_1_5' title="bbox 40 4447 947 4627">
    <p class='ocr_par' dir='ltr' id='par_1_6' title="bbox 40 4447 947 4627">
     <span class='ocr_line' id='line_1_45' title="bbox 52 4447 497 4522; baseline 0 -17"><span class='ocrx_word' id='word_1_398' title='bbox 52 4466 161 4522; x_wconf 83' lang='lat' dir='ltr'>easque</span> <span class='ocrx_word' id='word_1_399' title='bbox 183 4448 344 4520; x_wconf 85' lang='lat' dir='ltr'>deperibat,</span> <span class='ocrx_word' id='word_1_400' title='bbox 363 4458 396 4503; x_wconf 89' lang='lat' dir='ltr'>ut</span> <span class='ocrx_word' id='word_1_401' title='bbox 412 4447 497 4505; x_wconf 84' lang='lat' dir='ltr'>Paris.</span> 
     </span>
     <span class='ocr_line' id='line_1_46' title="bbox 40 4547 947 4627; baseline -0.008 -15"><span class='ocrx_word' id='word_1_402' title='bbox 40 4593 41 4596; x_wconf 56' lang='lat'><em>=</em></span> <span class='ocrx_word' id='word_1_403' title='bbox 89 4554 253 4627; x_wconf 68' lang='lat' dir='ltr'>Datppm,</span> <span class='ocrx_word' id='word_1_404' title='bbox 270 4554 420 4625; x_wconf 70' lang='lat' dir='ltr'>Eutropius</span> <span class='ocrx_word' id='word_1_405' title='bbox 440 4562 491 4608; x_wconf 83' lang='lat' dir='ltr'>sto·</span> <span class='ocrx_word' id='word_1_406' title='bbox 914 4547 947 4605; x_wconf 74' lang='lat' dir='ltr'>rt</span> 
     </span>
    </p>
   </div>
   <div class='ocr_carea' id='block_1_6' title="bbox 0 0 1392 5106">
    <p class='ocr_par' dir='ltr' id='par_1_7' title="bbox 0 0 1392 5106">
     <span class='ocr_line' id='line_1_47' title="bbox 0 0 1392 5106; baseline 0 9"><span class='ocrx_word' id='word_1_407' title='bbox 0 0 1392 5106; x_wconf 95' lang='lat' dir='ltr'> </span> 
     </span>
    </p>
   </div>
  </div>
 </body>
</html>
