2716 5078
165 1053 538 1131 DEDI-CATIO
582 1054 994 1136 HOESCHELII.

431 1277 726 1295 Ἢ

162 1493 458 1553 noutttssntto
493 1497 851 1573 tuatlsstthuss
883 1498 986 1557 vnto

103 1780 370 1853 uaesano,
399 1776 837 1857 swacraurausii,
865 1780 1062 1863 noum,

1 1878 10 1952 l
34 1893 49 1925 ‘²
169 1918 197 1967 s.
222 1917 314 1967 ems.
339 1916 470 1967 ususr.
497 1915 706 1967 sconsum
730 1916 803 1969 ma.
833 1918 987 1986 snucis,

155 2055 293 2098 nouum
313 2056 356 2098 ΣΤ
377 2053 546 2096 ΗΤΕΟΝΟ
568 2055 604 2096 ill
626 2056 745 2097 nihils
766 2056 1013 2118 nosontnuo,

210 2215 245 2277 S.
266 2215 307 2278 P.
319 2216 361 2278 D.
385 2215 520 2278 naum
542 2215 833 2280 HOESCHELIUS
854 2215 978 2282 ΑΜ·

58 2445 281 2560 Constantinus
300 2494 615 2579 Porphyrogenneta‚
639 2505 674 2556 ut
694 2493 898 2560 aTheodosio
908 2482 1063 2582 proditum
1076 2503 1125 2566 in·

58 2594 153 2674 renio,
178 2619 241 2658 non
270 2607 430 2658 contentus
458 2617 493 2656 ex
527 2594 668 2656 omnibus
696 2605 847 2658 terrarum
876 2599 959 2661 orbis
989 2603 1125 2685 portibus

62 2689 141 2756 libros
152 2719 286 2780 quosque
300 2697 431 2779 optimos
445 2717 517 2757 eura
529 2716 648 2758 summa
661 2697 849 2778 conquirere,
870 2699 902 2760 id
914 2701 1004 2763 etiam
1017 2725 1126 2786 operae

61 2792 164 2872 publioe
180 2797 264 2859 utilis
283 2794 393 2859 navari
413 2795 528 2875 voluit,
551 2806 587 2856 ut
601 2818 656 2877 pro
667 2818 770 2859 rerum
781 2796 953 2863 discrimine
966 2814 1126 2868 auctorum

64 2912 234 2978 quorumque
254 2899 366 2979 scripta
386 2898 418 2956 in
439 2906 536 2957 certas
556 2893 681 2973 classes,
701 2917 779 2979 quae
799 2897 885 2960 Llll.
906 2900 1046 2978 fuerunt,
1068 2907 1125 2966 tri·

64 2989 127 3052 buta
149 3005 398 3078 oongererentur:
421 3005 456 3055 ut
483 3014 604 3077 quaqua
621 2994 659 3055 de
678 3014 732 3074 re,
754 2996 780 3057 si
799 3006 919 3079 tempus
941 2999 1125 3082 postularet,

66 3093 250 3175 exemplorum
266 3094 449 3181 hypotheses
458 3096 490 3155 in
504 3105 627 3177 promtu
643 3104 753 3156 essent.
797 3095 923 3158 Illorum
937 3099 1036 3180 prima
1053 3094 1129 3182 περὶ
1164 3110 1172 3118 “

64 3189 200 3266 βασιλέων
220 3188 457 3275 ἀναγορεύσεως
472 3204 547 3271 erat,
568 3194 709 3256 vicesima
721 3193 849 3277 septima
863 3196 937 3277 napi
956 3195 1129 3278 πρέσβεων.
1254 3246 1259 3253 .

67 3287 240 3369 Ceterarum,
261 3315 360 3377 neque
376 3294 434 3354 nisi
453 3310 638 3375 paucarum,
659 3305 779 3375 praeter
793 3288 829 3354 τὸ
851 3288 1015 3374 ἐπώνυμον
1034 3298 1129 3360 scitur

1 3382 2 3411 ³
65 3387 145 3464 nihil,
166 3393 257 3477 idque
277 3415 312 3454 ex
335 3394 471 3477 margine
495 3392 566 3454 libri
582 3391 766 3475 legationum
784 3390 899 3455 calamo
920 3398 1049 3470 exarati,
1073 3398 1128 3461 ubi

10 3543 13 3577 3
66 3483 144 3551 lector
159 3502 389 3576 argumentum,
411 3492 496 3576 quod
517 3491 591 3555 alies
610 3491 694 3553 aliud
708 3495 865 3576 attingitur
886 3493 1002 3569 obiter,
1026 3494 1129 3592 {spreta
1239 3500 1242 3505 ’

10 3603 13 3670 ]
67 3586 170 3652 iubetur
188 3591 224 3654 ἐν
242 3594 287 3677 τῷ
302 3587 379 3674 περὶ
396 3590 551 3672 ἐπιβοῶν,
582 3589 616 3653 ἐν
634 3592 678 3676 τῷ
696 3590 774 3674 περὶ
788 3591 992 3673 κυνηγεσίας,
1020 3593 1054 3658 ἕν
1082 3594 1129 3683 τῷ

66 3687 127 3768 περὶ
142 3685 420 3774 στρατηγημάτων,
441 3692 504 3753 τῶν
527 3689 690 3772 στρατῶν,
711 3692 745 3753 ἐν
764 3689 807 3776 τῷ
827 3687 902 3774 περὶ
927 3688 1028 3776 νίκης,
1053 3694 1130 3778 περὶ

66 3779 262 3869 lquqfopcniv,
286 3789 477 3868 ἐπιστολῶν,
509 3790 601 3853 ἐθῶν.
645 3791 712 3852 Hae
745 3791 854 3874 igitur,
876 3792 1024 3854 iniuriane
1049 3804 1128 3855 tem-

66 3885 131 3962 poris
151 3890 211 3950 sint
229 3891 368 3968 amissae,
390 3912 428 3950 an
443 3889 555 3951 alicubi
565 3900 741 3965 serventur,
767 3890 903 3951 nondum
919 3889 1024 3972 liquet.
1050 3891 1129 3953 Eius

17 4010 18 4020 ³
65 4001 147 4060 tero,
177 4009 257 4070 quae
283 3988 322 4050 de
350 3988 457 4073 legatis
485 3990 568 4072 agit,
597 3999 714 4071 partem
740 3987 868 4051 Fulvius
895 3989 1049 4067 Ursinus,
1079 3990 1130 4051 vir
1209 4074 1213 4082 ν

19 4147 20 4152 ,
62 4084 284 4163 pandarusime
296 4087 335 4148 ‹le
350 4089 434 4150 omni
451 4089 629 4171 antiquitate
652 4090 796 4167 meritus,
817 4109 927 4171 magno
940 4087 1130 4167 eruditorum

64 4183 200 4265 applausu
229 4196 300 4247 ante
326 4209 421 4249 annos
453 4187 568 4270 aliquot
590 4187 795 4279 quammultos
811 4188 931 4265 edidit3
957 4197 1075 4270 partem
1093 4207 1130 4249 ex

14 4337 15 4342 ,
55 4279 234 4345 santissimi
258 4285 467 4365 Maximilinni,
482 4287 626 4348 Boiorum
649 4287 766 4364 Ducis,
786 4298 818 4348 et
838 4286 877 4348 cl.
901 4287 959 4348 viri
988 4285 1130 4350 Andreae

54 4380 164 4446 schotti
181 4382 386 4460 bibliotheca,
403 4406 480 4469 quae
497 4388 610 4448 nemini
625 4408 691 4448 rem
708 4385 862 4471 publicam
878 4388 981 4449 iuvare
997 4387 1130 4471 cupienti

50 4503 109 4547 non
131 4495 239 4571 patet,
257 4505 315 4547 nos
335 4487 396 4547 iam
417 4485 611 4570 evulgamus3
633 4486 771 4572 bonoque
786 4507 822 4550 eo
834 4484 1032 4572 nobiliorem,
1049 4484 1132 4573 quod
