2738 5228
245 242 330 348 584
522 274 690 337 nummi
725 270 867 334 nanum
894 268 1032 333 norm

325 424 403 508 Pog.
422 424 695 509 18.c.[t7t‚16.]
712 424 935 510 ALeonefilio
957 426 1108 485 Zenonem
1119 437 1241 508 patrem
1258 424 1320 485 Ina-

237 523 406 594 pemtorem
425 523 608 568 coronatmn.
651 508 783 568 Videndi
801 507 980 568 Theodorus
1005 508 1133 585 Lector,
1158 507 1319 590 Theopha-

242 613 312 668 nes,
335 591 546 669 Marcellinus,
568 592 734 672 Euagrius,
759 589 931 651 Chronicon
952 590 1218 668 Alexandrinum,
1248 591 1321 650 Pro-

242 678 346 756 copius
364 675 419 735 lib.
443 696 470 734 1.
496 673 634 733 debello
658 673 829 744 Vandalic.,
845 674 955 755 aliique
975 675 1095 754 passim.
1139 674 1248 733 Unum
1271 674 1319 734 hic

241 767 340 818 tacere
364 780 426 818 non
447 757 752 838 possum,Viotorem-
767 759 1003 817 Tunnunensem
1025 761 1056 817 in
1076 756 1231 816 Chronico
1244 756 1322 816 affir-

242 861 336 918 mare,
353 843 487 902 Leonem
506 841 593 902 illum
603 841 755 901 Iuniorem
772 841 811 900 ad
826 862 930 901 necem
946 863 964 901 a
980 842 1100 900 Zenone
1121 851 1209 922 patre
1230 861 1321 921 quae·

243 926 348 1000 situm,
363 925 401 985 ab
415 924 550 984 Ariadna
564 935 661 983 matre
681 936 832 985 servatum
856 924 967 984 fuisse:
990 924 1113 997 Alium,
1136 926 1249 1005 inquit,
1264 943 1321 1006 pro

241 1029 276 1068 eo
291 1009 351 1068 einr
372 1029 452 1069 necor
474 1008 599 1067 similem
616 1029 741 1090 puerum
766 1008 809 1066 ad
828 1021 948 1068 nmrtem
973 1007 1092 1078 obtrdit,
1135 1021 1164 1065 et
1194 1005 1319 1065 Leonem

241 1091 363 1150 medem
391 1091 550 1172 Angustum
572 1091 679 1149 occulte
698 1090 839 1164 totondit,
865 1112 984 1174 eumque
1009 1090 1146 1148 alenium
1176 1091 1262 1148 unius
1275 1111 1319 1147 ec·

241 1173 346 1234 oleatae
364 1173 428 1234 CP.
436 1175 525 1253 fied.
573 1174 634 1255 Qm'
646 1173 706 1233 Leo
729 1195 818 1257 nsque
838 1174 882 1232 ad
901 1174 1059 1232 limoniam
1079 1173 1229 1255 principis
1251 1185 1319 1230 mm-

236 1259 418 1342 poroeirit.
463 1257 578 1316 Eadem
598 1255 689 1315 habet
711 1257 843 1316 Isidorus
863 1254 978 1336 Hispal.
990 1258 1022 1313 in
1040 1254 1213 1331 Chronico,
1233 1266 1319 1336 atque

242 1360 277 1402 ex
296 1339 441 1400 alterutro
451 1338 646 1399 Gothefridus
664 1339 858 1398 Viterbiensis
875 1339 905 1397 in
918 1337 1056 1398 Pantheo
1077 1349 1165 1420 parte
1183 1336 1245 1413 16.,
1268 1340 1318 1420 qui

241 1418 313 1483 huic
332 1423 457 1484 fabulae
470 1422 558 1504 plura
570 1424 659 1481 etiam
680 1421 718 1481 de
730 1443 788 1482 suo
812 1421 938 1480 addidit.

255 1540 256 1543 ¹
324 1505 462 1587 Peg-18.
482 1507 522 1563 D.
537 1502 625 1586 [472
644 1501 688 1585 1.]
709 1504 867 1564 AVerina
887 1504 1020 1587 decepero
1032 1503 1150 1564 Zenon.
1194 1504 1318 1565 Causam

188 1619 196 1645 ι
241 1584 322 1648 illius
348 1589 378 1646 in
406 1589 556 1647 Zenonem
579 1586 640 1645 odii
662 1586 777 1649 Auctor
798 1585 939 1646 Chronici
962 1584 1048 1646 Alex.
1081 1585 1162 1648 hanc
1183 1587 1316 1669 profert,

242 1670 324 1751 quod
345 1671 427 1730 Zeno
445 1686 564 1731 socrum
585 1671 685 1727 nescio
708 1670 780 1751 quid
803 1680 953 1751 petentem
981 1668 1138 1749 repulerit.
1185 1669 1317 1730 Alteram

240 1764 389 1812 memorat
410 1752 578 1823 Candidus,
613 1752 696 1833 quod
725 1754 756 1813 in
781 1753 946 1814 Patricium
975 1754 1156 1832 Magistrum
1184 1753 1317 1813 derivare

240 1834 332 1895 vellet
348 1836 464 1917 imperii
484 1835 671 1917 dignitatem,
689 1857 749 1919 qua
766 1857 819 1918 spe
834 1836 991 1905 frustrata,
1009 1834 1189 1895 Basiliscum
1200 1836 1318 1897 fiatrem
1361 1911 1364 1916 η

151 1942 154 1955 ·
233 1917 457 1999 imperatorem
479 1920 670 1978 renuntiarit.
711 1918 805 1980 Plura
821 1917 1034 2000 Theophanes,
1051 1917 1233 2001 Procopius,
1244 1919 1318 2001 Agn-
1354 1919 1364 1931 ²

240 2000 338 2078 thiae,
376 2002 504 2079 Suidas,
541 2001 713 2083 Euagrius,
741 2002 918 2062 Theodorus
945 2002 1076 2075 Lector,
1109 2001 1316 2079 Marcellinus,

241 2083 368 2163 Victor,
390 2086 568 2166 Anonymus
585 2095 653 2168 post
673 2085 868 2156 Ammianum
889 2085 1005 2160 editus,
1028 2082 1163 2165 aliique,
1184 2108 1263 2168 quos
1274 2085 1317 2144 hic

241 2168 403 2229 conciliare
442 2179 495 2229 aut
527 2167 691 2229 exscribere
707 2189 768 2227 non
790 2180 835 2228 est
852 2168 981 2228 animus.
1023 2167 1141 2228 Graeca
1160 2171 1205 2228 sic
1219 2169 1316 2229 distin-

239 2270 324 2330 gue:
356 2251 412 2311 καὶ
441 2248 483 2321 ὥς
502 2249 624 2329 Enoria
657 2247 761 2311 ἑλπίδι
789 2248 846 2311 τοῦ
870 2248 1074 2330 coventriam
1094 2250 1265 2329 navemn
1281 2249 1318 2312 cd

239 2331 401 2474 goprhrprp
436 2327 493 2393 noi
521 2324 830 2413 penetrationem,
860 2327 915 2395 τὸν
934 2326 1080 2414 γαμβρόν
1101 2330 1203 2415 αὐτῆς
1224 2310 1317 2417 phys:

262 2433 297 2474 eo
320 2436 340 2474 α
363 2436 392 2474 o.

300 2435 403 2579 ⁰'Ilerg-
417 2497 670 2642 ι8.1).[475,4.(]Ι
689 2499 736 2560 De
753 2498 875 2585 Nepote,
894 2499 1008 2577 Oreste,
1029 2498 1154 2582 filioque
1181 2502 1248 2560 mus
1263 2499 1318 2561 Ao·

293 2580 373 2655 telo,
394 2582 456 2643 sive
476 2583 621 2654 Romulo,
673 2604 759 2644 mccc
774 2584 854 2666 apud
871 2583 1088 2666 Theophanem
1107 2594 1139 2644 et
1158 2584 1317 2666 Euagriuu

245 2655 417 2746 Ρωμύλλῳ,
435 2665 526 2743 (unde
541 2664 679 2747 vulgaris
691 2666 728 2727 de
744 2665 892 2751 Momyllo
912 2667 1022 2726 erroris
1044 2668 1133 2748 origo
1153 2667 1316 2741 emanarit)

242 2757 368 2806 nonest
388 2747 470 2829 quod
497 2747 584 2831 plura
607 2749 673 2831 quis
698 2771 717 2809 a
744 2770 793 2810 me
817 2761 964 2831 exspectet
987 2751 1019 2809 in
1050 2770 1084 2808 re
1109 2752 1246 2810 contrita
1271 2746 1317 2807 roi

244 2828 515 2915 καθημαξευμένῃ.
555 2833 601 2892 Er
627 2828 842 2892 recentioribus
867 2834 905 2894 de
937 2832 985 2891 his
1014 2832 1139 2892 consule
1160 2832 1316 2893 Henrioum

144 2907 170 2961 P·
190 2921 335 2992 rotatque
356 2912 544 2974 Hadrianum
567 2913 726 2992 Valerios,
745 2936 800 2997 par
821 2915 947 2975 fratrum
962 2913 1223 2993 eruditissimum,
1246 2914 1316 2974 hunc

244 2992 322 3053 libro
344 2993 373 3056 5.
392 2995 503 3056 Rerum
527 2999 762 3075 Francicarum,
782 2998 872 3063 illum
894 3001 927 3059 in
956 3000 1037 3057 notis
1060 2997 1101 3056 ad
1123 2998 1314 3080 fragmentum

241 3075 396 3158 Anonymi
419 3100 452 3138 er
473 3079 591 3140 schedis
612 3081 649 3145 R.
671 3081 708 3140 P.
733 3081 834 3142 lacobi
861 3081 1012 3142 Sirmondi
1031 3090 1101 3161 post
1126 3081 1314 3141 Ammianun

240 3158 452 3220 Marcellinum
467 3163 609 3244 evulgati.
653 3163 807 3225 Cabadem
830 3186 866 3225 ac
891 3166 1043 3224 Zenonem
1062 3165 1203 3244 imperiis
1218 3163 1315 3247 spolia-

240 3251 289 3305 toa
302 3263 336 3301 ea
346 3263 536 3325 recuperasse
554 3245 695 3307 observat
710 3259 778 3329 post
786 3246 948 3328 Agathiam
963 3245 1100 3327 aliosque
1110 3247 1316 3308 Constantinus

240 3325 392 3386 Manasses
407 3348 474 3408 pag.
484 3328 536 3389 60.
559 3330 631 3396 edit.
648 3332 758 3411 regiae.
802 3331 907 3392 Solum
929 3331 1078 3411 Nepotem
1096 3330 1316 3392 deiectumfor

238 3416 312 3468 tuna
330 3408 465 3491 benignis
486 3411 580 3471 oculis
597 3434 659 3473 non
681 3414 816 3494 respexit.

322 3490 613 3576 Pog.19.A.[475,
634 3494 698 3578 rm]
721 3496 877 3569 Ammon,
900 3495 1151 3569 siveArmotim,
1176 3500 1235 3576 (cui
1257 3496 1316 3557 rou'

238 3585 330 3648 sunt,
369 3583 423 3658 qui
459 3577 668 3658 aspirationem
700 3580 895 3660 praefigant,l
926 3600 988 3639 nou
1023 3579 1158 3659 ignotus,
1181 3583 1240 3642 erit
1264 3584 1315 3653 iis,

237 3658 291 3740 qui
328 3658 485 3720 Malchum
521 3660 811 3742 Philadelphiensem
840 3684 910 3744 pag.
935 3661 987 3745 94.
1021 3663 1167 3724 editionis
1200 3666 1312 3745 regiae,

237 3741 349 3803 Suidae
366 3745 513 3824 Excerpta
528 3764 592 3824 pag.
610 3746 661 3820 54.
678 3745 810 3804 eiusdem
827 3747 975 3820 editionis,
1000 3744 1178 3807 Chmnicon
1195 3747 1315 3808 Alexan·

237 3823 373 3899 dunum,
399 3827 581 3908 Procopium
599 3827 650 3887 lib.
666 3850 692 3887 1.
710 3827 872 3889 Vandalic.
888 3874 897 3905 ,
914 3827 1135 3907 Theophanem
1154 3830 1314 3910 similesque

237 3910 396 3990 scriptores
423 3911 571 3991 frequenti
593 3907 720 3970 lectione
745 3911 906 3973 familiares
924 3910 980 3971 sibi
1001 3911 1142 3972 fecerint.
1188 3912 1315 3974 Malchas

235 4013 272 4051 ac
286 3992 393 4054 Suidas
410 3992 631 4053 interfectorem
649 3993 768 4053 Armati
786 3995 965 4076 Onulphum
979 3996 1042 4054 sive
1064 3995 1245 4080 Onuolphin
1265 4015 1314 4056 no·

235 4076 353 4135 minant
390 4076 576 4156 eundemque
606 4076 770 4137 barbarum
802 4099 837 4138 ac
866 4097 973 4160 genere
1002 4076 1205 4163 Thuringum
1235 4080 1313 4140 tuine

238 4165 399 4222 terantur.
442 4160 548 4242 Neque
565 4180 639 4222 vero
654 4161 796 4223 Armatus
815 4160 865 4224 hic
885 4161 965 4223 idem
984 4160 1110 4224 videtur
1133 4184 1206 4228 cum
1229 4161 1318 4225 altem
