2724 5092
233 243 288 327 62
683 268 895 337 memma
962 303 967 312 -
1062 324 1072 337 .

93 441 218 498 κως,
232 447 293 510 ραν
320 424 354 498 ἐς
380 412 418 486 τό
446 424 589 506 ἐναντίον
615 420 788 512 ἔστρεφεν,
820 432 891 500 ταῖς
920 423 978 489 τοῦ
1011 423 1179 510 Καίσαρος
1200 417 1332 511 όρεταῖς

45 503 51 518 ’
82 513 504 638 εοᾶἳῑῑ·ξσυνενθουσιοόσης
532 515 594 610 ἤδη
615 526 670 610 τῆς
689 523 807 610 τύχης,
838 528 894 589 καὶ
912 521 1028 608 σχεδόν
1054 517 1186 609 ἑκάστης
1203 524 1341 610 ἡμέρας,

105 604 217 724 1„1'‚0²7
228 627 302 703 ξένα
332 622 389 689 καί
413 627 541 690 noterio
562 623 724 711 φερούσης
750 628 794 711 τῷ
814 630 946 709 βασιλεῖ
960 622 1154 709 διηγήματα·
1194 626 1246 710 ἐφ’
1282 619 1332 701 οἷς

228 719 496 800 όΚανστόντισς
521 721 713 807 δακνόμενος
731 715 792 810 ἤδη
821 724 879 790 καί
899 726 1072 811 δυσφορῶν
1100 720 1165 787 sind
1192 720 1331 816 φθόνου,

228 823 302 900 τοὺς
328 823 522 910 ἡγουμένους
550 826 614 890 τοῖν
635 819 734 911 φόσει
753 828 913 907 πολεμίων
940 825 1116 907 ε’πετείχιζε
1134 826 1178 913 τῷ
1198 821 1350 889 Κοίου-5

227 948 281 1010 ρι,
320 926 377 989 καί
394 921 454 1009 τὴν
474 919 579 988 orituri
598 925 784 1010 προσετίθει
814 932 882 999 τοῖς
901 925 1033 1010 ἐχθροῖς
1054 921 1208 1005 δύναμιν,
1244 920 1330 1004 μόνα

202 1023 314 1109 ῒόροῖν
333 1021 372 1091 τοὶ
388 1024 483 1108 ἡδέα,
500 1025 561 1100 ,καί
577 1020 612 1088 τό
636 1023 749 1088 οἰκεῖον
770 1025 857 1103 ξένον
876 1020 1128 1106 ὑπολαμβάνων,
1148 1023 1180 1087 εί
1201 1016 1264 1088 σῦν
1284 1024 1331 1110 τῷ

227 1125 375 1209 Καίσαρι
403 1121 558 1205 σιόζσιτο,
590 1123 646 1186 καί
664 1120 701 1187 τό
732 1122 819 1199 ξένον
842 1123 976 1204 σίκεῖον,
1009 1122 1041 1186 εἰ
1068 1122 1225 1187 καταλύοι
1253 1124 1330 1204 μεθ’

226 1221 348 1289 ἑαυτοῦ
367 1220 419 1289 τὸν
448 1225 622 1309 Καίσαρα·
671 1218 755 1289 ιόστι
779 1220 798 1295 ,ὅ
819 1220 952 1306 πόλεμος
972 1213 1019 1299 εἰς
1038 1220 1075 1287 τό
1111 1218 1254 1287 ὕπουλον
1276 1245 1331 1305 με·

227 1320 378 1406 ταβαλιόν
399 1320 456 1388 καί
472 1321 508 1389 τό
529 1317 629 1410 φύσει
649 1324 800 1407 πολέμιον
819 1324 919 1389 ἐποίει
939 1319 1121 1406 σύμμαχον.
1336 1349 1354 1390 ι

131 1485 223 1555 Mi
446 1495 742 1562 mummoli
766 1496 849 1562 Tot
865 1491 904 1562 B'
926 1493 1086 1562 ΛΟΓΟΥ.
1195 1552 1199 1560 s

311 1624 349 1690 δ’.
396 1623 444 1689 Τό
463 1629 525 1707 μὲν
546 1618 606 1692 σόν
633 1624 697 1692 uini
727 1628 785 1710 τῆς
804 1624 966 1703 Δεξίππου
987 1624 1175 1710 συγγραφῆς
1196 1626 1231 1702 ἐς
1251 1624 1331 1701 eosic

221 1725 399 1790 Ἷουλιανοῦ
418 1725 598 1812 καθήκοντα
618 1724 770 1814 καιρούς,
792 1724 837 1801 σός
856 1725 929 1809 ἐνῆν
948 1721 1089 1804 μάλιστα
1109 1720 1163 1787 διαὶ
1197 1726 1263 1789 τῶν
1291 1720 1329 1789 α’-

224 1824 384 1907 ναγκαίων
403 1826 644 1911 όπιτρέχουσιν,
665 1824 782 1901 ἱκανῶς
801 1826 837 1890 ἐν
857 1831 924 1898 τοῖς
942 1818 1123 1907 ἔμπροσθεν
1139 1820 1324 1908 δεδήλωται·

180 1917 188 1934 ’
224 1925 357 2010 φέρεται
387 1926 424 1990 δὲ
443 1924 592 1992 ἐντεῦθεν
620 1924 638 1990 ὁ
665 1922 759 2009 λόγος
777 1923 831 2011 ἔφ’
858 1918 956 2007 όνπερ
984 1922 1115 2008 ἐφέρετο
1137 1924 1171 1999 ἐξ
1201 1922 1307 2009 α’ρχῆς
1314 1932 1354 2005 ,15

222 2021 282 2087 καί
317 2024 489 2109 ἀναγκάζει
517 2050 553 2110 γε
584 2034 652 2103 τοῖς
687 2024 792 2112 ἔργοις
827 2021 1037 2107 ἐνδιατρίβειν
1065 2016 1171 2106 ὥσπερ
1194 2047 1227 2086 τι
1249 2021 1321 2108 πρός

223 2120 327 2190 ου’τόν
353 2124 503 2211 ἐρωτικόν
534 2123 741 2201 πεπονθότας.
786 2115 826 2188 os’s'
851 2149 884 2190 τι
902 2121 951 2204 μοὶ
973 2121 1038 2187 Δία
1071 2114 1321 2208 τεθεαμένουςῆ

224 2225 490 2310 πεπειραμένους·
534 2229 649 2314 κομιδῇ
675 2221 738 2309 γὰρ
765 2217 807 2309 ἧν
826 2221 845 2288 ό
864 2221 997 2309 γράφων
1016 2219 1093 2286 τάδε
1121 2231 1213 2304 παῖς,
1234 2222 1321 2307 ἡνίκα

222 2322 439 2405 ἐβασίλευσεν·
459 2318 543 2390 ἀλλὰ
560 2322 665 2390 δεινόν
682 2351 714 2391 τι
725 2328 837 2411 χρῆμα
854 2321 911 2388 καί
930 2322 1209 2409 α’παραίτγτσνιεῖς
1222 2319 1321 2404 ἔρωτα

222 2420 260 2487 τό
276 2420 382 2488 κοινόν
399 2419 579 2508 ἀνθρώπων
589 2421 738 2490 ἁπάντων
761 2425 864 2500 πάθος
886 2420 942 2488 καὶ
959 2419 995 2489 τό
1014 2419 1072 2504 τῆς
1092 2422 1145 2505 ἐφ’
1163 2416 1251 2507 avieni
1271 2418 1354 2485 δό-τσ

104 2601 106 2610 Ι
221 2526 278 2607 ξης
311 2516 538 2590 σῖστασιαστσν.
576 2527 647 2600 πῶς
663 2522 725 2609 γόρ
748 2515 789 2608 ἦν
812 2526 937 2612 σιαπρῖν
956 2521 1037 2607 ὑπὲρ
1058 2511 1103 2586 ὧν
1124 2513 1232 2595 οὐδεὶς
1252 2517 1324 2607 ἔφε-

296 2651 335 2704 ι3.
354 2641 475 2724 καιροὺς
493 2650 556 2704 add.
574 2650 612 2703 Μ.
671 2669 710 2721 ¹7·
729 2666 776 2704 τοι
792 2649 824 2703 ll.
883 2668 926 2707 ao.
945 2648 991 2705 ἐπ’
1006 2635 1089 2721 triticei¹
1101 2654 1174 2707 coni.
1199 2654 1229 2706 B.

221 2755 323 2808 vertit:
351 2753 475 2808 Caesaris
503 2755 654 2809 virtutibus
681 2755 791 2809 favente
822 2756 878 2808 iam
909 2755 1111 2810 studiosissime
1140 2757 1269 2824 fortuna,
1300 2766 1326 2811 ct

220 2842 308 2896 prope
334 2826 460 2897 qnotidie
478 2828 557 2880 novis
574 2829 714 2900 variisque
730 2828 837 2880 nuntiis
853 2827 890 2878 ad
906 2827 1061 2897 Augustum
1080 2827 1198 2883 delatis:
1228 2830 1326 2902 quibus

221 2913 329 2950 morsus
349 2896 528 2951 Constantius
548 2905 578 2950 et
594 2901 652 2952 iam
668 2915 749 2969 aeger
765 2897 887 2961 invidia,
914 2897 944 2948 in
964 2898 1109 2951 Caesarem
1134 2902 1325 2953 acerrimorum

221 2965 342 3019 hostium
361 2969 444 3021 duces
461 2970 605 3032 incitavit,
625 2976 709 3040 atque
727 2967 825 3021 horum
851 2968 924 3021 odiis
941 2969 999 3021 vim
1026 2970 1147 3039 ipsemet
1173 2987 1251 3023 suam
1277 2971 1325 3023 ad·

221 3037 321 3090 iunxit.
358 3040 465 3090 Etiam
484 3040 566 3091 unice
585 3039 758 3092 commodum
775 3056 855 3091 suum
874 3039 1039 3108 respiciens,
1065 3057 1128 3092 suos
1157 3057 1209 3110 pro
1228 3041 1325 3094 alienis

176 3152 180 3162 .
220 3104 365 3171 habebat,
382 3111 406 3162 si
425 3126 487 3162 cum
506 3107 623 3163 Caesare
641 3111 709 3166 salvi
728 3116 836 3176 essent3
866 3111 972 3162 alienos
996 3126 1047 3179 pro
1074 3113 1148 3173 suis,
1177 3110 1324 3164 dnmmodo

221 3178 337 3231 Caesari
355 3195 449 3244 secum
467 3180 677 3234 insidiarentur.
714 3181 808 3250 Quare
826 3179 880 3232 boc
897 3181 966 3233 belli
993 3180 1142 3235 subdolum
1171 3199 1257 3251 genus
1282 3196 1325 3235 eos

222 3249 319 3315 etiam,
337 3251 387 3321 qui
405 3252 570 3305 naturaliter
588 3250 681 3305 hostes
701 3260 789 3316 erant,
807 3252 838 3304 in
858 3253 1007 3305 amicorum
1026 3267 1142 3311 numero
1160 3250 1292 3307 babebat

462 3386 574 3448 LIBRI
596 3386 783 3449 SECUNDI
805 3387 1085 3450 PROOEMIUM.

292 3499 319 3567 4.
356 3500 409 3554 lies
426 3501 523 3572 itaque
539 3510 604 3572 post
621 3502 743 3573 Dexippi
762 3502 907 3555 historiam
929 3519 1018 3574 usque
1041 3505 1077 3556 ad
1096 3507 1201 3560 Iuliani
1222 3514 1329 3580 tempo·

222 3588 252 3624 τε
271 3580 363 3639 gestam
389 3572 457 3624 satis
484 3573 514 3623 in
533 3572 738 3641 superioribus,
757 3580 891 3644 qnantum
909 3591 1013 3626 summa
1032 3593 1159 3650 quaeque
1177 3579 1330 3649 attingenti

220 3643 320 3704 licuit,
346 3642 501 3696 declaratae
528 3643 651 3701 luerunt.
694 3644 831 3713 Deinceps
859 3645 948 3697 oratio
973 3646 1063 3700 fertur
1089 3651 1126 3699 ad
1143 3665 1223 3713 curn,
1245 3667 1331 3724 quern

219 3712 276 3762 iam
296 3714 332 3766 ab
350 3714 433 3766 initio
452 3714 608 3785 spectabat,
627 3714 787 3781 Caesarem
812 3715 941 3786 cogitque
959 3733 1013 3768 nos
1026 3720 1056 3770 in
1075 3720 1135 3771 eius
1157 3721 1244 3791 gestis
1265 3737 1334 3774 ver*

222 3783 292 3845 sari,
319 3785 463 3838 amatorio·
479 3786 568 3837 veluti
592 3786 705 3838 stimulo
733 3801 796 3855 erga
822 3787 903 3838 illum
924 3787 1077 3856 pellectos:
1101 3807 1157 3844 non
1183 3791 1261 3862 quod
1277 3802 1336 3860 pes·

220 3853 314 3905 lovem
332 3873 382 3908 nos
403 3873 465 3908 eum
481 3855 648 3918 viderimus,
664 3857 710 3908 vel
727 3857 957 3909 consuetudinem
976 3876 1036 3910 cum
1064 3876 1098 3911 eo
1125 3860 1305 3914 babuerimus
1323 3877 1340 3908 τ

220 3937 332 4044 prorsus
352 3928 428 3978 cuim
444 3925 667 3978 adolescentulus
686 3933 763 3989 erat,
781 3927 829 3996 qui
848 3926 916 3979 baec
934 3928 1049 3991 scribit,
1070 3930 1136 3984 dum
1155 3934 1207 3985 ille
1226 3949 1349 4004 regua-r

243 4002 286 4045 atr
305 3995 354 4046 sed
372 3996 496 4064 prolecto
514 4014 644 4067 magnum
665 4005 740 4050 creat
758 4005 842 4067 atque
867 3999 1085 4067 insuperabilem
1109 4020 1232 4057 amorem
1261 4018 1354 4055 cor

222 4080 283 4118 cors
300 4063 445 4123 bominum
464 4067 673 4137 communisque
690 4083 801 4129 sensns,
828 4075 857 4120 et
878 4069 1034 4122 firmissima
1059 4071 1095 4125 de
1119 4075 1170 4126 illo
1199 4075 1354 4144 principc

222 4134 398 4191 existimatio.
440 4135 510 4190 llam
528 4137 666 4210 quomodo
685 4137 767 4193 nobis
785 4138 868 4191 silere
882 4139 979 4193 liceret
996 4140 1032 4194 de
1062 4159 1119 4215 quo
1136 4162 1218 4199 nemo
1235 4142 1354 4198 conti·-
