2716 5078
188 248 286 312 xvnt
591 245 646 306 DE
676 240 871 308 summo.

188 403 244 467 καί
264 391 451 488 (desirate
471 392 568 485 εἴποι)
601 390 694 472 ἄλλος
714 392 794 477 μετά
813 415 895 471 τινος
914 396 1089 481 σαφηνείας
1113 397 1273 464 Gonnoi:

189 504 262 589 διγς,
283 496 423 584 μάλιστά
443 521 479 582 γε
499 501 534 564 δν
551 506 623 573 ταῖς
643 500 814 570 Σκυθικοῖς
832 493 996 580 ἱστορίαις.

271 602 429 679 Eurinus
448 622 527 685 quae
546 596 585 660 de
605 598 764 661 chronicis
782 598 911 683 Dexippi
932 597 1037 675 docet,
1062 620 1174 683 quaere
1194 600 1274 663 infra

189 725 221 790 p·
238 701 387 877 wldeedlgl
401 802 433 864 in
452 800 516 863 vita
536 800 702 884 Porphyrii
726 799 784 860 sub
806 797 918 859 finon:
953 791 1028 870 τούς
1046 791 1181 880 χρόνους
1204 795 1277 881 (τοῦ

189 892 384 986 Πορφυρίου
406 896 491 980 βίου)
520 897 553 974 δς
575 900 606 962 Γ
604 892 751 980 αλλιηνδν
770 895 826 958 καί
845 889 1009 959 Κλαύδιον
1028 889 1163 972 εἰκάζειν
1182 897 1278 958 συνέ-

190 1006 315 1086 βαινεν,
349 995 485 1062 Τοίκιτόν
510 1020 543 1062 τι
563 998 621 1060 καί
646 991 854 1079 Αδρηλιανδν
872 991 927 1057 καί
945 987 1095 1079 Πρόβον·
1124 996 1197 1056 καθ’
1218 986 1277 1067 οὕς

189 1092 231 1184 ἦν
256 1099 311 1162 καί
336 1098 492 1175 Δίξιππος
520 1093 538 1161 δ
557 1093 614 1178 τὴν
630 1089 780 1178 χρονικῆν
799 1089 943 1177 ἱστορίαν
962 1089 1167 1176 συγγράψας,
1179 1112 1182 1119 ’
1194 1084 1275 1177 ἀνὴρ

190 1196 316 1282 ἁπάσης
335 1195 482 1271 παιδείαις
500 1218 536 1260 τε
557 1192 612 1259 καί
631 1188 796 1275 δυνάμεως
815 1195 940 1276 λογικῆς
962 1189 1138 1266 ἀνάπλεως.

273 1300 436 1363 Ενιοοιυι
464 1299 535 1361 hist.
558 1297 632 1361 eccl.
653 1297 695 1358 V.
720 1294 771 1375 τί.
790 1318 799 1356 τ
821 1293 877 1355 καί
900 1293 1047 1381 Δεξίππῳ
1077 1293 1113 1356 di
1144 1296 1277 1358 πλεῖστα

191 1400 267 1484 περί
288 1392 407 1463 τούτων
428 1394 619 1482 πεπόνηται,
641 1390 704 1458 dud
725 1394 870 1474 μυθικῶν
891 1391 1069 1480 ἀρξαμένῳ,
1088 1390 1146 1455 καί
1163 1393 1279 1475 λήξαν-

146 1496 150 1506 ’
191 1520 223 1562 τι
242 1497 276 1572 ἐς
295 1493 354 1580 τὴν
374 1493 542 1561 Κλαυδίου
557 1496 617 1559 τοῦ
636 1489 716 1573 μετὰ
736 1493 768 1556 Γ
765 1487 908 1574 αλλιηνὸν
928 1492 1113 1572 βασιλείαν·
1134 1478 1159 1578 ᾧ
1178 1513 1279 1556 συνα-

190 1599 354 1679 νειληπται
381 1595 456 1681 περί
481 1584 530 1658 οἷν
561 1589 694 1679 Κάρποι
725 1588 782 1654 καί
811 1587 903 1674 ἕτερα
922 1585 1071 1672 βάρβαροι
1095 1584 1173 1674 ἔθνη
1193 1584 1278 1654 κατὰ

190 1693 249 1779 τήν
262 1694 395 1759 Ἑλλάδα
416 1695 470 1758 καί
492 1690 618 1782 Θρᾴκην
637 1694 693 1755 καί
707 1688 828 1754 Ἰωνίαν
844 1690 1104 1768 διαπολεμοῦντες
1123 1685 1280 1773 ἔπραξαν.

194 1797 346 1880 (Scythica
367 1797 418 1859 hic
439 1797 565 1857 innuere
584 1794 725 1867 videtur,
749 1813 810 1853 uon
831 1791 1052 1852 Chronicorum
1072 1791 1213 1872 pastam)
1329 1839 1334 1862 ,

273 1897 384 1958 δαισιν
402 1918 429 1957 s.
450 1916 482 1957 v.
505 1893 680 1970 Δέξιππος,
701 1891 880 1969 Δεξίππου,
909 1884 1091 1972 δἘρὲννιος
1115 1893 1282 1972 χρηματίι

192 2014 272 2072 σας,
291 1992 457 2076 Ἀθηναῖος
476 1986 603 2076 ῥήτωρ,
624 1986 757 2072 γεγονώς
777 1984 832 2051 ἐπί
849 1988 1064 2071 Βαλεριανοῦ,
1085 1985 1141 2050 καί
1157 1989 1189 2052 Γ
1186 1993 1280 2052 αλλι·

190 2093 287 2174 ηνοῦ,
308 2089 364 2156 καί
382 2086 550 2156 Κλαυδίου
573 2091 744 2175 δευτέρου,
766 2087 822 2151 καί
839 2086 1064 2173 Αδρηλιανοῦ,
1096 2089 1160 2153 τῶν
1181 2093 1282 2172 βασι-

75 2208 78 2213 ·
182 2193 272 2255 Ιλέιον
288 2187 465 2271 Ῥωμαιλον.

275 2289 460 2351 Transeamus
476 2291 613 2364 Poamo,
635 2294 668 2351 in
690 2288 849 2370 Gallieno,
875 2288 944 2370 ιί.ι
966 2289 1059 2352 Gothi
1082 2289 1226 2374 Cyzicum
1247 2305 1280 2354 et

193 2386 317 2463 Asiam,
339 2388 480 2471 deinceps
501 2389 649 2451 Achaiam
668 2410 807 2467 ornnem,
826 2400 1040 2468 vastaverunt,
1066 2401 1096 2451 et
1116 2390 1155 2451 ab
1179 2391 1281 2454 Athe-

192 2487 356 2563 niensibus,
372 2486 448 2548 duce
458 2489 604 2571 Dexippo,
621 2491 767 2571 scriptore
776 2488 886 2549 horum
902 2501 1086 2574 temporum,
1106 2491 1179 2550 victi
1192 2502 1278 2552 sunt.

253 2737 481 2817 EUNAPIUS,
491 2737 699 2822 Sophistarum
714 2737 783 2799 vitis
796 2737 905 2816 clarus,
916 2748 1005 2799 natus
1016 2737 1159 2799 Sardibus
1169 2737 1281 2823 οὖίγ,

192 2838 320 2921 Dexippi
334 2841 490 2901 historiam
505 2843 546 2900 ita
560 2839 761 2912 continuavit,
781 2848 816 2898 ut
829 2858 905 2921 opus
916 2860 1004 2898 suum
1018 2831 1098 2916 μετὰ
1119 2839 1282 2911 Δέξιππον

192 2936 342 3018 χρονικῆν
363 2932 507 3020 ἱστορίαν
528 2938 706 2998 inscriberet
721 2938 772 3016 ¹⁴).
817 2935 853 2997 ld
875 2928 950 2998 XIV
971 2937 1064 2998 libros
1081 2939 1280 3020 continebat,

192 3058 323 3118 quorum
343 3039 440 3120 primo
469 3059 517 3098 res
547 3038 586 3097 ab
609 3060 728 3099 excessu
760 3036 879 3098 Claudii
903 3038 1023 3099 Gothici
1052 3037 1091 3098 ad
1123 3037 1280 3101 lulianum

192 3136 270 3217 lmp.
293 3147 389 3219 gestas
412 3136 601 3218 complexus,
624 3140 731 3198 ceteris
751 3136 864 3215 huius,
888 3159 978 3220 quem
1001 3139 1074 3220 ipse,
1095 3148 1201 3220 utpote
1220 3160 1280 3221 pro

191 3238 286 3295 veteri
307 3235 450 3317 religione
473 3235 732 3296 vehementissime
751 3237 911 3315 animatus,
932 3247 1078 3319 tanquam
1097 3237 1198 3297 Deum
1222 3237 1281 3298 eli-

192 3354 295 3414 quem,
318 3332 452 3396 humauo
470 3335 571 3417 generi
592 3336 828 3410 commodatum,
844 3336 972 3414 colebat,
991 3336 1160 3410 historiam,
1184 3357 1281 3418 quae·

191 3455 250 3515 quc
271 3433 409 3516 deinceps
430 3434 588 3495 subsecuta
600 3445 681 3509 sunt,
705 3438 823 3519 copiose
834 3439 970 3497 narravit
980 3437 1029 3517 ¹⁵).
1055 3438 1165 3498 Finem
1178 3435 1281 3518 operis

73 3564 76 3570 ·
192 3530 223 3591 in
243 3530 295 3593 illo
316 3544 449 3616 ternpore
470 3534 575 3594 fecisse
596 3555 656 3616 quo
678 3532 710 3594 S.
732 3534 883 3596 lohannes
906 3533 1138 3620 Chrysostomus
1161 3537 1194 3595 in
1215 3536 1279 3596 exi-

114 3643 118 3650 “
190 3627 266 3690 lium
286 3631 390 3713 pulsus
412 3642 479 3710 est,
513 3654 541 3698 a.
562 3632 637 3693 Chr.
660 3630 743 3713 404,
768 3633 898 3695 Photius
916 3633 1005 3696 docet
1018 3633 1070 3715 ¹⁶).
1104 3634 1161 3695 Cui
1183 3655 1278 3717 repu-

191 3751 283 3811 gnare
302 3732 423 3813 quidem
445 3731 588 3792 videntur
610 3733 746 3815 eclogae,
770 3736 802 3794 in
824 3735 933 3817 quihus
954 3738 995 3819 (p.
1021 3733 1074 3818 96.
1097 3756 1130 3795 n.
1153 3736 1216 3817 ρο.)
1240 3733 1282 3795 de

190 3828 369 3892 Pulcheriae
390 3823 544 3913 Augustae
574 3835 701 3894 avaritia
721 3855 819 3895 senno
842 3845 908 3914 est,
930 3856 1007 3918 quae
1024 3834 1133 3896 mulier
1152 3832 1280 3894 demum

189 3947 219 3986 a.
244 3929 320 4006 414.
352 3931 511 4013 imperium
541 3934 719 4015 capessivit:
763 3935 888 3996 minime
916 3944 1017 3995 tamen
1040 3935 1110 3995 inde
1137 3931 1284 4017 colligere

211 4068 255 4149 νδ)
272 4077 355 4132 Teste
378 4078 492 4146 Photio,
514 4090 543 4136 ct
570 4086 751 4157 inscriptione
776 4086 929 4156 eclogarum
948 4085 984 4139 dc
1009 4084 1161 4138 sententiis.
1238 4085 1286 4157 15)

259 4147 413 4222 Conspius,
430 4153 517 4221 iufra,
534 4171 563 4226 p.
585 4158 628 4210 61.
702 4155 745 4229 ιθ)
761 4154 793 4211 V.
812 4156 876 4212 infr.
894 4159 925 4212 in
942 4157 1115 4212 testimoniis.
