2724 5092
293 249 371 303 100
739 221 901 303 uuNlPtl

275 384 466 482 τυραννίδα,
488 391 568 461 ὥστε
590 388 731 471 ἀπέδειξε
752 391 874 477 χρυσόν
894 389 951 474 την
973 389 1231 475 τραγηιδουμίνην
1253 410 1313 471 τυρ

219 529 223 541 ·
284 498 375 564 νίδα·
417 492 498 561 οὑτοι
520 498 575 560 καί
593 488 732 575 τοῦνομα
754 502 819 568 τοῖς
839 489 942 577 ἔργοις
961 494 1072 577 μακρρῖ
1091 491 1251 572 παρῆλθε·
1296 511 1316 548 π

285 599 350 661 inv
368 597 428 677 μὲν
446 592 507 679 γάρ
529 585 567 658 εὑ
585 589 754 677 γεγονότων
774 586 900 677 ὕβρεις,
923 588 975 653 διὰ
996 586 1031 653 τό
1052 584 1207 671 σύνηθες,
1237 578 1313 648 οὑδὲ

285 699 373 781 βρεις
393 696 615 779 ἐνομίσθησαν,
637 692 703 757 ἀλλ’
723 683 762 777 ἦν
783 687 942 775 ἐγκύκλιον
964 689 1051 775 adalgi
1071 685 1127 751 καί
1145 681 1316 769 πρόχειρον

284 796 325 861 τά
348 799 482 859 τοιαῦτα
503 792 715 879 ἁμαρτάνειν·
758 788 832 855 ὑδὲ
859 786 1037 874 ἐγκλήματά
1065 811 1100 853 τε
1128 787 1300 852 ἀνέπλαττε

274 895 408 977 ’ἐδίκαζε
428 902 493 968 τοῖς
516 892 755 972 ἀδικουμένοις,
777 892 833 954 καί
851 893 914 954 τῶν
935 890 1146 969 δικαζομένων
1168 877 1274 959 οὑδείς
1291 885 1316 950 ἀι

286 993 369 1070 ζετο·
413 987 493 1055 ὅπου
514 1014 549 1074 γε
570 995 686 1075 πολλῆς
708 982 802 1072 οὔσης
821 992 877 1053 καί
895 981 1066 1071 ἀδιηγήτου
1088 987 1143 1069 τῆς
1164 985 1291 1070 φθορᾶς
1311 1009 1316 1045 2

232 1079 235 1085 ’
283 1087 508 1175 ρηναλίσκοντό
530 1112 610 1164 τινες
630 1092 694 1153 τῶν
714 1086 930 1168 εὑδαιμόνων,
970 1081 1075 1170 ἀίσπερ
1109 1085 1144 1150 ἐν
1173 1087 1316 1157 κοινοῖςι

284 1213 374 1266 πνοις
395 1187 613 1274 ἀλεκτορίδες,
647 1192 681 1266 ἐς
700 1186 759 1273 την
780 1184 925 1272 Κυρίνου
945 1180 1086 1272 τρυφήν·
1128 1185 1313 1268 μεμνῆσθαι

283 1292 347 1355 τῶν
367 1291 641 1370 κατακοπτομένων
665 1286 794 1375 ἔφασκε,
825 1289 888 1351 τῶν
907 1288 965 1368 μὲν
985 1279 1033 1350 ὅτι
1055 1283 1112 1348 οὑκ
1135 1281 1291 1369 ἐπῄνεσαν
1313 1315 1316 1340 ι

284 1394 343 1454 τοῦ
363 1390 398 1452 εδ
419 1391 560 1468 κάλλος,
580 1393 642 1454 τῶν
663 1391 698 1454 δὲ
728 1383 778 1467 ότι
799 1389 948 1471 λέγοντα,
971 1380 1021 1450 ὅτε
1041 1375 1079 1470 ἦν
1100 1379 1286 1470 μειράκιον,

285 1484 489 1570 ἐθαύμασαν,
514 1487 556 1563 uie
578 1490 744 1571 ἐβούλετο·
784 1485 968 1552 ἀπώλλυντο
990 1486 1026 1550 δέ
1045 1507 1128 1560 τινες
1148 1480 1203 1546 καί
1220 1485 1317 1565 γελάσ

283 1613 334 1665 τες
354 1590 491 1653 ἐναντίον
513 1583 615 1653 αὑτοῦ
633 1611 720 1669 ποτε,
742 1585 798 1652 καί
815 1581 917 1650 πόντα
939 1578 979 1668 ἦν
1000 1582 1102 1648 αὑτοῦ
1121 1579 1285 1669 βαρὺτερα
1307 1584 1317 1644 ι’

285 1688 426 1771 σημείας,
447 1689 503 1752 καί
522 1686 638 1752 ε’λὺττα
660 1692 696 1754 ἐν
715 1689 825 1770 μέσοις
843 1691 908 1759 τοῖς
927 1679 1087 1769 ὑπηκόοις.
1131 1685 1166 1746 V
1161 1707 1208 1748 oc.
1231 1684 1317 1763 Καρὶ

284 1789 369 1872 conf.
394 1811 465 1852 eum
485 1789 669 1872 διοσημεία,
692 1784 872 1870 ἐγκύκλιον,
893 1786 1022 1874 μακρῷ,
1042 1779 1136 1868 ὕβρις
1156 1775 1289 1868 φυτεύει
1316 1808 1317 1819 ¹

284 1908 410 1970 ραννον.

188 1998 280 2056 usos
366 1981 405 2066 ff.
443 1980 480 2050 ‘O
500 1987 536 2050 δὲ
556 1984 683 2072 τοξότης
703 1989 794 2073 η’φίει
818 1989 928 2069 βέλος,
962 1976 1112 2065 εὑστοχος
1141 1972 1185 2045 dv
1205 1978 1317 2046 rmodn

283 2086 489 2164 κατακαίνειν,
512 2080 572 2148 ὅσα
593 2080 683 2172 ἠφίει
703 2089 791 2171 βέλη.
837 2087 915 2153 Voc.
937 2083 1147 2148 κατακαίνειν.

364 2208 403 2266 γ.
447 2181 593 2268 Καρικόν
614 2187 716 2266 θῦμα.
761 2186 840 2255 Voc.
861 2183 998 2270 καρικόν.

367 2278 407 2345 δ’.
448 2278 601 2363 Μάξιμός
621 2308 655 2347 τε
675 2286 733 2349 καί
751 2286 895 2369 Πρίσκος
914 2278 1008 2366 λόγου
1029 2283 1087 2363 μὲν
1106 2278 1317 2361 μετειχίτην,4

284 2380 320 2444 δὲ
349 2379 411 2441 τοῖν
442 2383 553 2444 κοινῶν
574 2383 629 2445 καί
647 2377 815 2468 ὑπαίθρων
843 2381 956 2466 πείρας
979 2375 1172 2464 πραγμάτων
1193 2374 1317 2457 ἐλόχισε

288 2477 364 2542 Voc.
387 2475 567 2562 ὑπαίθριον.

286 2694 334 2749 sit.
372 2696 417 2748 Sic
434 2701 462 2747 et
480 2697 569 2765 ipsum
594 2711 694 2748 nomen
714 2697 794 2749 laetis
821 2697 901 2779 longe
921 2698 1068 2767 superavit.
1104 2694 1172 2747 Nam
1201 2695 1318 2764 puerisq

286 2765 348 2818 dem
367 2766 509 2818 nobilibus
535 2767 654 2819 iniuriae
664 2782 721 2886 ιρει
736 2769 930 2821 contumeliam
947 2768 1058 2828 illatae,
1107 2775 1201 2835 ropter
1223 2767 1318 2818 consuet

286 2835 397 2901 dinem,
420 2852 454 2888 ne
474 2838 593 2887 iniuriae
612 2837 661 2906 qui
683 2854 725 2888 em
752 2838 992 2902 existimabantur,
1017 2836 1065 2889 sed
1083 2783 1242 2888 duiusmodi
1264 2847 1318 2903 pecc

286 2917 364 2960 erant
383 2909 436 2978 ipsi
456 2908 601 2959 familiaria
622 2917 649 2960 et
661 2908 831 2977 quotidiana.
867 2908 943 2960 Idem
962 2911 1045 2962 ctiam
1060 2908 1174 2958 crimina
1187 2903 1318 2957 comminis

286 2975 384 3038 batur,
411 2987 439 3030 et
457 2979 499 3028 ius
517 2977 627 3030 dicebat
646 2979 719 3042 illis,
746 2979 847 3048 quibus
866 2978 968 3031 iniuria
987 2977 1085 3041 fiebat,
1111 2985 1140 3029 et
1158 2977 1252 3029 nullus
1269 2987 1318 3024 eom

287 3048 335 3114 qui
358 3048 387 3098 in
412 3048 513 3098 iudicio
541 3048 702 3118 litigabant,
726 3049 872 3100 incolumis
896 3048 1034 3101 evadebat.
1073 3048 1141 3099 Cum
1169 3049 1244 3097 enim
1270 3041 1317 3095 mul

287 3122 316 3169 ct
331 3116 481 3168 ineffabiles
501 3117 597 3170 caedes
616 3122 727 3182 fierent,
748 3118 861 3189 quidam
881 3136 896 3171 e
915 3118 1004 3170 beatis
1023 3118 1114 3173 obiter
1132 3114 1318 3170 consumebant

285 3193 319 3237 ut
339 3187 368 3238 in
390 3187 578 3241 commonibus
597 3191 686 3258 epulis
705 3190 841 3258 gallinae,
869 3191 898 3239 in
916 3190 1010 3242 Carini
1032 3189 1152 3242 delicias.
1189 3184 1318 3240 Dicebatt

285 3262 357 3320 tem,
384 3274 412 3307 se
434 3260 593 3310 meminisse
619 3276 730 3323 eorum,
760 3261 809 3331 qui
829 3276 878 3310 suo
898 3262 973 3311 iussu
998 3260 1230 3319 concidebantur,
1258 3269 1318 3376 Ὶῦθῐ

287 3327 354 3379 alios
381 3328 492 3398 quidem
512 3328 576 3379 ideo
601 3347 693 3384 caesos
718 3330 847 3394 dicebat,
870 3328 946 3400 quod
966 3347 1041 3382 suam
1059 3331 1173 3382 formam
1191 3344 1248 3381 non
1276 3323 1318 3376 aud

285 3404 364 3459 sent,
390 3399 458 3449 alios
477 3407 586 3463 autem,
615 3400 690 3474 quod
707 3417 736 3452 se
754 3402 908 3463 dicentem,
928 3401 992 3452 dum
1011 3400 1099 3453 adhuc
1117 3406 1190 3452 esset
1206 3398 1318 3451 adoleret

284 3483 341 3520 non
364 3467 492 3520 admirati
511 3470 635 3536 fuissent,
662 3479 694 3522 ut
717 3472 860 3535 voluisset,
883 3469 1012 3540 peribant
1034 3470 1115 3522 etiarn
1140 3469 1279 3530 nonnulli,
1296 3483 1318 3536 qt

286 3552 376 3590 coram
395 3539 455 3607 ipso
478 3539 607 3591 risissent.
644 3544 772 3614 Denique
791 3543 882 3593 omnia
906 3543 965 3593 eius
988 3541 1058 3593 lacta
1077 3540 1211 3611 prodigiis
1235 3547 1264 3592 et
1282 3544 1318 3590 ost

285 3609 322 3659 tia
341 3618 418 3660 erant
452 3609 573 3674 rariora,
596 3612 671 3664 etin
689 3611 787 3663 mediis
805 3612 934 3681 populis,
959 3612 1017 3663 eius
1041 3612 1158 3680 imperio
1178 3608 1310 3662 subiectis

285 3675 332 3729 bie
349 3627 529 3746 grassadsatur.

357 3768 380 3801 a.
418 3750 578 3818 Sagittarius
597 3759 688 3802 nutem
706 3754 831 3820 sagittam
850 3753 954 3814 emisit,
973 3767 1057 3821 quum
1079 3758 1151 3803 essct
1168 3747 1307 3802 incolendi

286 3816 373 3879 ritus,
392 3820 461 3871 adeo
484 3830 515 3873 ut
531 3828 574 3872 tot
592 3820 717 3873 homines
735 3823 915 3887 interficeret,
939 3830 1008 3892 quot
1024 3824 1137 3892 sagittas
1156 3823 1306 3880 emitteret.

355 3891 380 3941 3.
417 3889 510 3942 Carica
532 3892 651 3944 victima.

358 3957 382 4024 4-
419 3959 554 4012 Maximus
573 3969 601 4013 et
620 3963 725 4014 Priscus
743 3962 908 4015 eruditionis
927 3961 1038 4031 quidem
1057 3965 1136 4014 erant
1170 3961 1311 4029 articipes,

290 4025 469 4145 ἷίιιίἰηιέλιλίωε
479 4032 613 4100 gerendae
627 4042 655 4084 et
686 4048 776 4085 rerum
797 4031 965 4085 subdialium
990 4033 1129 4086 minimam
1150 3977 1303 4084 babebat
