2724 5092
488 550 748 624 FRAGMENTA.
1105 552 1122 612 1
1135 555 1149 613 Ι
1162 550 1180 614 i

109 728 273 813 τιροηρεδτο
303 720 443 807 σκληροὶν
470 726 525 788 καὶ
557 732 723 811 τροχεῖαν,
759 726 815 790 κοδ
839 715 898 811 όση
929 723 1058 808 καμόντι
1077 715 1187 811 ἤρκει,

107 822 164 888 καὶ
191 821 363 910 ὁρμωμένῳ
395 819 474 908 πρός
501 818 642 905 κάματον
667 825 724 888 οόκ
752 817 793 909 ἧν
822 820 966 908 κάλομα·
1018 831 1187 913 φιλοστρα-

96 920 219 1008 ,τιάτης
262 923 298 986 δὲ
336 915 380 985 niv
421 919 653 1009 διαφερόντως,
692 919 897 1008 στρατιώταις
931 927 989 989 οδκ
1016 927 1189 1010 ἐχαρίζετο,

106 1020 189 1086 άλλά
211 1016 315 1086 πᾶσάν
335 1044 370 1083 τε
391 1015 510 1108 άφῄρει
531 1020 711 1100 πλεονεξίαν
729 1019 784 1105 τὴν
805 1019 867 1087 άτιό
888 1026 950 1088 τῶν
970 1026 1106 1105 οἰκείων,
1136 1022 1192 1088 καὶ

75 1120 139 1207 ,ηὸτό
162 1116 356 1205 ἁρπακτικὸν
384 1119 437 1183 ἐπὶ
461 1119 547 1197 τοός,
563 1121 731 1202 πολεμίους
752 1119 900 1206 ἔτρεπεν·
941 1122 1069 1202 ἐκόλαζε
1099 1126 1133 1188 δὲ
1161 1124 1191 1187 ι’-

104 1222 236 1305 σχορῶς
272 1215 345 1294 roric
374 1218 627 1303 παραβαίνοντας
650 1223 775 1302 ταῦτα,
808 1222 864 1285 κατ’
900 1229 964 1296 τοῖς
993 1226 1192 1302 πειθομένοις

105 1319 152 1392 εἰς
181 1314 218 1381 τό
250 1312 328 1381 εἶναι
358 1316 605 1402 συνηγωνίζετο·
651 1318 759 1393 άτιλιός
796 1321 832 1384 δὲ
866 1321 979 1401 εἰπεῖν,
1011 1314 1188 1401 ὑπόδειγμα

104 1418 162 1479 καί
189 1417 376 1501 χαρακτῆρα
404 1426 554 1502 παρεῖχεν
590 1410 701 1483 ἑαυτὸν
733 1419 862 1502 α’ρετῆς·
909 1415 1040 1503 γεγονώς
1068 1418 1103 1480 δὲ
1138 1419 1215 1488 inst

104 1510 259 1597 μεγάλαις
286 1518 342 1579 καί
370 1521 530 1600 λαμπραῖς
559 1519 775 1601 στρατηγίαις,
809 1511 914 1601 ιόστιερ
947 1513 963 1581 ὅ
987 1514 1118 1582 Ῥοδιίον
1137 1540 1192 1580 κο-

71 1612 239 1695 ιολοσοός,
271 1612 324 1687 διά
360 1617 494 1698 μέγεθος
531 1613 774 1698 καταπληκτικὸς
807 1608 867 1696 ιόν,
904 1616 961 1680 οὔκ
999 1614 1082 1682 ἔστιν
1116 1614 1192 1701 ἐρά·

104 1737 214 1795 σμιος,
245 1709 385 1789 κάκεῖνος
411 1713 464 1777 διά
497 1711 534 1777 τό
556 1711 817 1800 α’φιλοχρήματον
842 1717 1030 1798 θαυμαστός
1051 1708 1113 1796 riv,
1134 1709 1192 1778 οδκ

105 1810 181 1895 ἔσχε
202 1812 321 1898 χάριν·
368 1811 626 1898 προσκεκρουκώς
658 1817 693 1878 δὲ
728 1813 781 1878 διά
800 1816 924 1900 γνώμης
949 1809 1105 1899 ὀρθότητα
1125 1823 1192 1889 τοῖς

104 1922 366 1993 κατακοιμισταῖς
398 1911 561 1995 εὐνούχοις
592 1918 655 1978 τῶν
684 1918 858 1995 βασιλέων,
890 1906 1016 1989 οόκολος
1055 1909 1099 1979 οἶόν
1134 1911 1189 1978 διά

105 2014 217 2075 πενίαν
237 2009 293 2076 καί
322 2013 439 2098 κοῦφος
459 2012 504 2089 εἷς
522 2008 771 2096 μετανάστασιν,
808 2014 957 2099 διεδόχδη
978 2016 1033 2099 τῆς
1055 2038 1193 2100 στρατη«

61 2109 187 2192 ,15γιίις.
227 2114 268 2183 In
286 2135 352 2178 voc.

191 2203 238 2274 ιε’.
280 2212 351 2275 Καὶ
379 2208 547 2287 Θεοδόσιος
575 2206 592 2276 ὅ
617 2208 769 2294 βασιλεός
795 2210 927 2297 ἒκμολὴς
955 2205 995 2298 ἦν
1024 2215 1081 2279 καί
1106 2207 1192 2299 πάσῃ
1240 2268 1243 2269 ⁷

107 2303 254 2395 (iptivpae‘p
274 2309 458 2392 ε’κκεόμενος.
499 2314 575 2375 Voo.
596 2310 735 2390 ἐκμελές.

192 2408 242 2481 ις’.
287 2413 436 2474 Τοσαῦτα
457 2412 513 2474 καὶ
531 2412 665 2474 τοιαῦτα
682 2412 832 2473 ἐπέκλασε
852 2407 953 2490 κακά,
975 2400 1056 2473 ὥστε
1073 2404 1197 2493 χρυσός

108 2500 148 2589 ἦν
177 2506 287 2583 αὐτοῖς
313 2508 370 2574 καὶ
392 2507 492 2595 ,λευκή
521 2533 570 2587 τις
594 2508 700 2595 ἡμέρα
728 2511 883 2595 κρατῆσαι
910 2506 986 2583 τούς
1003 2505 1197 2595 βαρβάρους.

71 2609 146 2671 noV
143 2630 186 2671 oc.
208 2609 389 2673 ἐπέκλασεν.

192 2705 243 2785 ιζ.
281 2706 493 2794 Ἀβρογάστης
514 2704 677 2793 Φράγγος·
716 2703 752 2785 ός
767 2705 844 2772 κατά
865 2705 964 2792 άλκὴν
982 2704 1127 2789 σώματος
1143 2705 1199 2772 καὶ

108 2809 218 2890 θυμοῦ
240 2805 424 2893 τραχύτητα
441 2805 628 2894 φλογοειδὴς
646 2798 703 2892 ἦν,
733 2809 1014 2897 δευτεραγωνιοτης
1031 2803 1197 2891 τυγχάνων

176 2979 222 3019 nr.
241 2959 394 3012 praesuret
411 2956 610 3033 Ἀρβογάστητ.

109 3115 171 3150 vero
190 3099 287 3152 rolens
305 3097 434 3149 utebatur
452 3095 520 3150 duro
539 3104 568 3149 et
586 3113 681 3166 aspero
706 3106 734 3151 et
753 3115 802 3162 eo,
826 3099 874 3170 qui
892 3097 945 3167 ipsi
969 3097 1118 3167 defatigato
1136 3097 1196 3149 suf-

110 3169 240 3230 finiebat,
260 3177 288 3221 et
306 3169 355 3238 qui
373 3167 408 3218 ad
428 3168 549 3220 laborem
569 3168 646 3220 eunti
665 3183 722 3220 non
742 3179 800 3220 erat
818 3168 1023 3239 impedimento.
1060 3168 1128 3218 Cum
1146 3185 1196 3222 ou·

109 3248 164 3292 tem
184 3240 330 3308 insigniter
358 3239 475 3290 militum
494 3256 585 3290 amans
607 3248 694 3300 esset,
724 3236 859 3290 militibus
877 3248 968 3291 tamen
987 3255 1042 3291 non
1060 3238 1196 3307 gratifica-

110 3309 203 3372 batur,
225 3309 274 3361 sed
293 3326 399 3360 omnem
418 3309 504 3378 pluris
522 3306 643 3360 habendi
662 3309 842 3378 cupiditatem
860 3326 875 3358 n
893 3313 948 3363 suis
969 3309 1127 3370 auferebat,
1151 3325 1196 3360 ra·

108 3382 257 3450 pacitntem
284 3382 314 3431 in
334 3378 426 3432 hostes
450 3378 634 3431 convertebat.
670 3376 837 3442 Illos'vero,
868 3383 916 3448 qui
943 3380 1012 3431 haec
1031 3381 1219 3443 violassent„

110 3453 228 3518 graviter
245 3450 392 3520 puniebat:
411 3448 666 3518 obtemperantibus
684 3466 747 3500 vero
766 3467 814 3519 pro
832 3450 936 3501 viribus
955 3458 1014 3503 erat
1029 3451 1196 3502 adiumento.

109 3523 249 3591 Denique,
269 3529 300 3572 ut
320 3521 358 3570 itu
377 3522 483 3591 loquor,
502 3536 530 3570 se
541 3520 631 3588 ipsum
650 3521 757 3572 virtutis
776 3521 930 3589 exemplum
945 3531 972 3572 et
987 3520 1100 3574 sormam
1117 3538 1198 3590 prse-

112 3594 207 3643 rtsbat
245 3594 277 3642 In
295 3591 399 3657 magnis
429 3599 519 3642 autem
545 3599 573 3640 et
591 3590 741 3660 splendidis
762 3594 894 3659 praeturis
912 3601 1051 3655 versatus,
1075 3601 1106 3644 ut
1124 3591 1199 3642 Rho·
1270 3639 1273 3651 ,

113 3661 220 3715 diorum
239 3662 369 3715 Colossus
387 3660 423 3711 ob
442 3660 658 3729 magnitudinem
677 3659 861 3713 formidabilis
871 3668 922 3723 est,
940 3680 995 3713 non
1014 3672 1104 3715 nutem
1121 3679 1198 3714 nma-

111 3733 193 3794 bssis,
221 3731 307 3784 sicet
326 3732 373 3782 ille
391 3740 504 3801 propter
523 3732 648 3782 virtutem
669 3733 703 3784 ab
729 3733 843 3783 avaritia
861 3748 970 3799 prorsus
988 3735 1122 3796 alienam,
1146 3733 1197 3783 ad-

111 3802 246 3855 mirabilis
276 3801 387 3872 quidem
413 3811 488 3861 erat,
512 3803 560 3854 sed
583 3802 688 3853 nuttam
710 3800 833 3854 habebnt
856 3806 976 3870 gratiam.
1014 3806 1082 3858 Cum
1106 3813 1199 3855 autem

110 3882 223 3944 propter
241 3873 339 3923 mentis
360 3872 552 3925 rectitudinem
571 3872 730 3925 offendisset
748 3871 901 3935 eunuchos,
919 3875 1019 3944 Regum
1040 3875 1198 3941 consopito·

112 3962 167 4005 res,
196 3945 268 4010 ipsi,
297 3942 344 4012 qui
370 3951 483 4011 propter
500 3949 688 4010 paupertatem
718 3942 862 4011 expeditus
883 3952 911 3995 et
928 3945 963 3997 nd
982 3947 1071 3998 locum
1090 3952 1199 3997 mutan·

112 4013 174 4066 dum
195 4014 284 4066 facilis
304 4019 377 4074 erat,
397 4013 506 4081 imperii
525 4030 705 4064 successorem
724 4011 829 4064 babuit

110 4153 125 4205 d
182 4088 222 4140 15.
260 4081 433 4136 Theodosius
463 4084 613 4153 Imperator
643 4084 782 4154 negligens
811 4092 872 4137 erat
901 4091 929 4135 et
952 4085 1026 4135 omni
1058 4079 1199 4133 socordiae

128 4157 227 4209 editur.

183 4229 222 4280 16.
260 4225 351 4276 Tanta
378 4231 406 4274 et
423 4224 490 4275 ralia
513 4224 584 4275 moin
608 4224 643 4276 nd
664 4226 736 4292 ipsos
763 4226 938 4288 affluxerant,
960 4231 992 4273 ut
1012 4220 1141 4273 barbaros
1159 4223 1200 4272 vi·

113 4301 178 4352 cisse
200 4298 269 4365 ipsis
288 4301 360 4345 essct
378 4312 473 4347 nurum
492 4300 520 4345 et
539 4294 653 4364 quidam
671 4295 749 4346 albus
769 4293 836 4346 dies.

184 4385 223 4436 ¹7·
261 4363 424 4433 Abrogsstcs
442 4365 562 4417 Francus
581 4364 646 4423 suit,
665 4367 712 4434 qui
727 4361 825 4415 robore
842 4363 963 4431 eorporis
980 4368 1009 4411 et
1020 4361 1103 4412 animi
1119 4377 1199 4429 aspe-

115 4440 193 4493 ritate
213 4437 339 4488 flammae
358 4435 455 4488 similis
474 4445 548 4499 crat,
571 4435 620 4505 qui
639 4435 668 4486 in
685 4433 879 4486 certaminibus
898 4430 1032 4485 obeundis
1051 4432 1199 4486 secundum
