2738 5228
244 223 327 343 57⁰
513 206 702 319 :rantur
730 252 869 317 amun
884 251 1034 318 “norsn
1069 299 1073 306 .

241 414 283 478 rit
301 403 484 492 τραχηλῖας.
528 415 610 492 Quid
631 414 656 475 si
675 410 843 493 εἰρωνικῶς
865 411 904 473 ab
929 411 1150 494 Olympiodoro
1171 408 1322 496 poiiticunl

241 494 317 555 illud
339 494 576 577 epiphonematis
596 499 664 558 loeo
686 495 836 556 adiectum
857 499 919 555 sit?
962 495 1213 556 DeCandidiano
1235 497 1323 578 plura

245 598 315 662 pag.
335 576 460 658 15.¹D.,
482 603 517 641 ex
538 581 649 663 quibus
664 578 785 660 colligas
800 576 953 638 Placidine
965 598 1083 659 semper
1094 578 1222 656 favisse,
1245 581 1323 639 eius·

137 659 169 715 V.
187 657 235 712 203
245 682 303 744 que
320 665 595 744 peregrinationum
613 686 648 724 ac
663 663 800 722 fortunae
819 662 957 722 comitem
976 671 1006 719 et
1026 662 1204 742 participem
1219 664 1320 722 irrisae.

326 744 404 824 Pag.
415 746 447 806 8.
459 749 500 806 D.
514 745 602 831 [457,
618 743 683 829 ni]
714 743 888 805 Ianuarium
909 763 1041 803 mensem
1064 747 1179 825 nuptiis
1207 745 1320 805 Atanlli

241 849 311 888 curn
326 826 460 889 Placidia
480 831 622 890 Natisone
642 831 758 889 Marcio
778 829 810 886 in
830 825 954 887 aedibus
975 825 1087 908 ingenii
1109 830 1174 887 sive
1193 828 1321 909 Eugenii

240 909 396 972 cuiusdam
417 910 573 973 celebratis
593 913 728 994 praefigit
741 905 999 991 Olympiodoins·;
1019 908 1072 968 alii
1093 910 1187 992 vulgo
1208 932 1319 972 annum

240 994 397 1076 designant
432 993 530 1056 Aerae
559 994 746 1057 Christianae
780 991 853 1073 414.
908 992 1020 1053 ldatius
1045 995 1077 1051 in
1104 993 1259 1053 Chronico
1283 995 1319 1054 de

246 1077 313 1138 loeo
334 1081 499 1138 consentit:
528 1078 668 1156 Atauljiis
705 1077 789 1162 apud
824 1075 999 1137 Narbonem
1026 1072 1200 1136 Piaculum
1235 1077 1321 1136 dauri

245 1181 390 1234 uxorem,
426 1164 458 1222 in
548 1164 706 1246 prophetia
725 1160 864 1220 Danielis
887 1172 1011 1243 putarer
1034 1159 1174 1241 inpleta,
1201 1162 1256 1243 qaii
1278 1162 1320 1218 ait

112 1309 115 1320 J
230 1243 336 1327 ,filiam
356 1246 432 1324 regis
453 1184 558 1305 saisiri
576 1245 745 1306 sociandam
759 1245 825 1323 regi
837 1241 1014 1326 Aquileiam,
1035 1241 1117 1302 mallo
1140 1255 1241 1301 tanuen
1259 1243 1316 1301 eriis

242 1348 284 1386 ex
303 1348 339 1386 ea
359 1328 467 1387 semine
484 1329 659 1388 subsistente.
703 1327 766 1402 Qui
786 1328 865 1385 eninr
886 1345 920 1384 ex
944 1325 980 1384 iis
1006 1335 1093 1383 natus
1122 1335 1167 1385 est
1195 1324 1254 1384 hoc
1273 1323 1320 1384 val

242 1411 378 1489 sequenti
398 1430 477 1469 anno
498 1409 704 1488 Theodosius,
725 1419 823 1469 morte
843 1406 935 1489 paulo
954 1417 1022 1487 post
1039 1404 1122 1468 obita
1139 1428 1236 1488 prope
1247 1409 1318 1467 Bar-

242 1492 380 1550 cinonam
398 1493 564 1555 tumulatus
585 1504 640 1553 est.
684 1493 826 1552 Iordanes
845 1492 882 1550 de
902 1490 1016 1572 origine
1046 1489 1220 1550 Gothorum
1248 1491 1320 1550 scri·

243 1571 318 1633 bens
339 1573 460 1635 aberrat
480 1598 498 1636 a
516 1583 641 1634 veritate
661 1574 800 1657 longius,
820 1584 886 1633 turn
908 1573 991 1654 quod
1012 1571 1131 1632 Gallam
1152 1573 1318 1633 Placidiam

239 1666 308 1736 post
332 1667 457 1716 mortem
480 1657 625 1718 duntaxat
634 1658 746 1718 Alarici
767 1658 864 1716 Roma
885 1659 926 1719 ah
946 1653 1072 1716 Ataulfo
1092 1657 1245 1736 captivam
1267 1657 1318 1715 ab·

219 1738 362 1802 ductam
384 1738 479 1817 velit,
499 1752 564 1801 turn
584 1741 666 1822 quod
687 1742 808 1821 nuptias
830 1750 992 1823 antequam
1012 1737 1143 1818 Alpibus
1175 1740 1320 1820 superatis

240 1820 352 1881 Gallias
374 1825 517 1903 petiisset,
539 1824 683 1884 coaluisse
703 1822 865 1883 contendat
885 1822 1064 1882 Foro-Livii
1074 1820 1227 1881 Aemiliae
1247 1823 1319 1882 civi-

239 1913 323 1981 tate,
344 1925 434 1986 quarn
455 1909 487 1967 in
499 1907 614 1968 Furum
635 1904 765 1967 Cornelii
786 1904 939 1966 Miscellae
957 1914 1081 1985 auctor,
1106 1908 1246 1986 quisquis
1264 1915 1318 1982 est,

238 1987 473 2050 transformavit.
1111 2009 1112 2012 ’
1132 2025 1134 2028 <

322 2071 399 2152 Pug.
414 2071 446 2133 8.
469 2073 511 2133 D.
534 2072 623 2157 [458,
653 2071 699 2156 3.]
717 2063 768 2133 Ἐν
789 2064 926 2132 παστάδι
944 2073 984 2131 'in
1004 2073 1082 2131 atrro
1101 2070 1205 2131 reddit
1228 2073 1320 2130 luter-

215 2165 216 2169 ’
239 2172 325 2234 pres:
343 2155 429 2234 quid,
451 2158 476 2217 si
497 2159 569 2218 atila
590 2158 690 2238 potius
710 2165 763 2215 aut
783 2156 951 2214 aulanam?
974 2155 1055 2213 unde
1069 2165 1100 2214 et
1113 2154 1319 2236 pastophoria,

239 2234 279 2295 de
298 2236 407 2317 quibus
428 2238 512 2299 nlius.
556 2240 600 2301 At
621 2239 767 2320 δωρεῖται
798 2248 880 2297 certo
906 2239 1015 2298 certius
1043 2236 1194 2297 hocloco
1215 2236 1318 2319 agendi

239 2318 366 2378 verbum
388 2331 441 2380 est.
499 2324 576 2402 Quis
597 2326 677 2383 enirn
698 2322 786 2382 novis
806 2322 908 2402 nuptis
930 2320 1031 2381 oblata
1052 2342 1182 2381 munera
1203 2323 1317 2402 ignorat

115 2440 119 2450 ·
238 2402 525 2484 etMorganegibnm
545 2450 554 2483 ‚
578 2405 616 2466 de
636 2427 696 2487 qua
715 2416 818 2465 noster
838 2407 1000 2487 Gregorius
1013 2403 1148 2484 aliique?
1170 2404 1221 2463 Sic
1235 2406 1322 2485 igitur

238 2484 515 2565 interpretationem
534 2509 675 2549 recense:
696 2488 777 2548 Aliis
804 2490 924 2570 insuper
945 2488 1123 2571 nuptialalms
1151 2488 1240 2546 donis
1268 2486 1318 2545 nd·

238 2566 306 2626 iecit
334 2566 472 2649 Ataulsus
509 2574 722 2656 qunquaginta
739 2573 891 2650 stanneam
912 2592 1043 2654 pieros,
1077 2572 1179 2629 serter‘s
1209 2569 1319 2629 indm

237 2650 381 2729 vestibus,
407 2673 530 2736 quorum
551 2656 661 2736 singuli
688 2665 810 2737 utraque
838 2674 928 2713 manu
961 2654 1042 2713 binos
1075 2655 1208 2734 ingentes
1231 2652 1318 2712 diicat

224 2733 389 2813 strelam,
406 2737 531 2796 alterum
546 2759 620 2798 auru
637 2738 776 2822 plenaria,
796 2737 920 2795 ulterram
937 2737 1060 2817 gemmr'a
1074 2746 1133 2803 etc.

320 2815 397 2899 Peg.
412 2840 444 2902 9.
456 2821 495 2879 A.
512 2817 597 2903 [tta
623 2818 684 2901 aa]
706 2819 767 2880 Pro
790 2820 925 2879 Rustaeio
946 2819 1008 2879 sive
1022 2819 1151 2880 Rusaczo
1173 2819 1320 2900 Interpres

236 2900 400 2981 subrogare
428 2901 518 2963 malit
537 2905 719 2964 Rrutreiwn:
747 2901 798 2962 sed
821 2903 932 2961 eavesis
951 2901 1118 2962 confundas
1140 2924 1214 2962 cum
1235 2903 1316 2960 Deci·

235 2984 298 3042 mio
318 2984 462 3066 Rustico,
484 2988 535 3067 qui
564 3007 597 3046 ex
629 2986 773 3066 Magistro
802 2984 967 3044 officiorum
997 2984 1093 3044 lactans
1122 2997 1317 3066 tyrannorum

236 3065 427 3144 praefectus,
457 3069 538 3149 apud
560 3079 714 3129 Arvernos
736 3077 806 3127 ante
829 3067 984 3126 biennium
1005 3088 1023 3125 a
1044 3067 1176 3127 ducibus
1194 3068 1316 3126 Honori·

237 3147 303 3207 anis
315 3159 419 3228 captus
439 3161 469 3210 et
489 3151 651 3212 crudeliter
667 3155 862 3231 interemptus
882 3160 927 3210 est
947 3171 1016 3209 cum
1024 3148 1195 3230 Agroecio,
1212 3172 1247 3211 ex
1262 3149 1317 3231 pri·

236 3232 360 3290 micerio
380 3235 567 3294 notariorum
588 3235 705 3312 lovini,
730 3233 891 3316 multisque
910 3232 1082 3310 nobilibus3
1108 3244 1145 3291 ut
1160 3235 1317 3294 memoriae

235 3313 370 3396 prodidit
389 3315 524 3377 lienutus
544 3317 727 3379 Profuturus
747 3317 920 3400 Frigeridus
947 3318 978 3377 in
1009 3317 1068 3381 iam
1089 3336 1183 3398 saepe
1204 3315 1318 3381 laudato

236 3397 317 3481 apud
342 3399 523 3480 Gregoriunr
541 3401 717 3482 fragmento.

318 3479 396 3562 Peg.
407 3503 438 3560 9.
449 3482 488 3542 A.
503 3482 659 3568 [458,15.]
668 3484 793 3545 Albiruu
806 3484 876 3543 urbi
885 3483 1058 3566 praefectur.
1083 3481 1188 3541 Gessit
1210 3479 1320 3563 praeie-

235 3573 352 3624 cturam
370 3563 519 3626 urbanam
532 3565 705 3646 annuisti„
729 3587 789 3648 quo
809 3566 975 3626 Placidiam
995 3565 1083 3624 duxit
1105 3565 1270 3641 Atuullits,
1288 3572 1319 3621 nt

235 3647 381 3708 miraculo
398 3653 568 3730 proximum
581 3651 620 3710 sit
640 3652 718 3710 intra
730 3648 962 3731 quadriennium
973 3648 1127 3708 Gothicae
1146 3647 1321 3730 direptionis

235 3730 338 3791 ruinas
359 3735 491 3813 potuisse
513 3736 658 3815 reparari.
687 3731 897 3814 Cogitandnm,
919 3752 959 3791 an
982 3729 1021 3790 de
1040 3730 1103 3792 hoc
1125 3729 1319 3816 Atbssnoegr·

235 3813 426 3875 rit'Rutilius
446 3817 647 3890 Numatianus
667 3815 746 3876 libro
767 3817 864 3896 primo
886 3815 1054 3874 ltinerarii:

358 3898 481 3984 Iamq'toe
496 3898 559 3959 alti
580 3898 705 3960 Romam
723 3899 904 3958 redermtibiu
918 3899 1019 3957 haeret
1043 3901 1130 3959 nanti

400 3983 500 4061 Rufius
515 3984 545 4043 A
576 3984 621 4042 [ni
632 3984 730 4065 gloria
744 3984 819 4040 viva
827 3981 943 4064 patr-ti,
975 4008 987 4014 ‘¹

251 4080 262 4095 ·’
342 4067 423 4147 'thu'
433 4054 552 4125 ¹Volusi
567 4069 688 4150 antiquo
705 4064 823 4126 demeat
836 4075 983 4123 stemmate
1001 4082 1138 4140 maten,

399 4147 444 4208 Ee
453 4144 532 4229 reges
546 4150 686 4231 ammi,
707 4161 774 4213 cese
786 4147 934 4221 Marone,
953 4145 1054 4229 rastri.
1150 4175 1156 4190 =
1236 4167 1240 4182 ·
