<?xml version="1.0" encoding="UTF-8"?>
<!DOCTYPE html PUBLIC "-//W3C//DTD XHTML 1.0 Transitional//EN"
    "http://www.w3.org/TR/xhtml1/DTD/xhtml1-transitional.dtd">
<html xmlns="http://www.w3.org/1999/xhtml" xml:lang="en" lang="en">
 <head>
  <title>
</title>
<meta http-equiv="Content-Type" content="text/html;charset=utf-8" />
  <meta name='ocr-system' content='tesseract 3.04.00' />
  <meta name='ocr-capabilities' content='ocr_page ocr_carea ocr_par ocr_line ocrx_word'/>
</head>
<body>
  <div class='ocr_page' id='page_1' title='image "./dexippieunapiip00malcgoog_0184.png"; bbox 0 0 2724 5092; ppageno 0'>
   <div class='ocr_carea' id='block_1_1' title="bbox 528 639 1194 734">
    <p class='ocr_par' dir='ltr' id='par_1_1' title="bbox 528 639 1194 734">
     <span class='ocr_line' id='line_1_1' title="bbox 528 639 1194 734; baseline -0.003 -20"><span class='ocrx_word' id='word_1_1' title='bbox 528 639 790 714; x_wconf 72' lang='lat' dir='ltr'>internum.</span> <span class='ocrx_word' id='word_1_2' title='bbox 1117 646 1194 734; x_wconf 82' lang='lat'>1⁰7</span> 
     </span>
    </p>
   </div>
   <div class='ocr_carea' id='block_1_2' title="bbox 65 794 1297 1771">
    <p class='ocr_par' dir='ltr' id='par_1_2' title="bbox 111 794 1195 985">
     <span class='ocr_line' id='line_1_2' title="bbox 113 794 1195 888; baseline -0.002 -24"><span class='ocrx_word' id='word_1_3' title='bbox 113 799 170 864; x_wconf 79' lang='lat' dir='ltr'>soi</span> <span class='ocrx_word' id='word_1_4' title='bbox 190 794 405 876; x_wconf 80' lang='grc' dir='ltr'><strong><em>δνυπόστατος</em></strong></span> <span class='ocrx_word' id='word_1_5' title='bbox 433 796 479 888; x_wconf 71' lang='lat' dir='ltr'>spi</span> <span class='ocrx_word' id='word_1_6' title='bbox 505 821 541 863; x_wconf 87' lang='grc' dir='ltr'>τε</span> <span class='ocrx_word' id='word_1_7' title='bbox 560 796 763 880; x_wconf 75' lang='grc' dir='ltr'><em>πλεονάζοντι</em></span> <span class='ocrx_word' id='word_1_8' title='bbox 781 800 840 864; x_wconf 86' lang='grc' dir='ltr'><strong><em>τού</em></strong></span> <span class='ocrx_word' id='word_1_9' title='bbox 861 798 1054 884; x_wconf 80' lang='grc' dir='ltr'><strong><em>δραστηρδου</em></strong></span> <span class='ocrx_word' id='word_1_10' title='bbox 1075 800 1195 884; x_wconf 72' lang='grc' dir='ltr'><strong><em>φοβῶν,</em></strong></span> 
     </span>
     <span class='ocr_line' id='line_1_3' title="bbox 111 892 914 985; baseline 0.005 -27"><span class='ocrx_word' id='word_1_11' title='bbox 111 897 239 980; x_wconf 74' lang='grc' dir='ltr'><strong><em>δνεϊχεν</em></strong></span> <span class='ocrx_word' id='word_1_12' title='bbox 261 895 323 962; x_wconf 78' lang='grc' dir='ltr'>ἀπὸ</span> <span class='ocrx_word' id='word_1_13' title='bbox 343 901 487 985; x_wconf 70' lang='grc' dir='ltr'><strong><em>λῃστείας</em></strong></span> <span class='ocrx_word' id='word_1_14' title='bbox 508 892 658 976; x_wconf 80' lang='grc' dir='ltr'><strong><em>ἅπαντας.</em></strong></span> <span class='ocrx_word' id='word_1_15' title='bbox 701 901 775 967; x_wconf 85' lang='lat' dir='ltr'>Voe.</span> <span class='ocrx_word' id='word_1_16' title='bbox 796 897 914 981; x_wconf 74' lang='grc' dir='ltr'><strong><em>ἀνεῖχε.</em></strong></span> 
     </span>
    </p>

    <p class='ocr_par' dir='ltr' id='par_1_3' title="bbox 86 989 1297 1676">
     <span class='ocr_line' id='line_1_4' title="bbox 190 989 1297 1081; baseline -0.001 -21"><span class='ocrx_word' id='word_1_17' title='bbox 190 992 227 1062; x_wconf 86' lang='grc' dir='ltr'>ε’.</span> <span class='ocrx_word' id='word_1_18' title='bbox 263 994 334 1062; x_wconf 77' lang='lat' dir='ltr'>’Eut&#39;</span> <span class='ocrx_word' id='word_1_19' title='bbox 360 992 413 1060; x_wconf 86' lang='grc' dir='ltr'><strong><em>τόν</em></strong></span> <span class='ocrx_word' id='word_1_20' title='bbox 436 990 607 1065; x_wconf 81' lang='grc' dir='ltr'><strong><em>Ἰουλιανόν</em></strong></span> <span class='ocrx_word' id='word_1_21' title='bbox 633 995 750 1062; x_wconf 79' lang='grc' dir='ltr'><strong><em>πολλαὶ</em></strong></span> <span class='ocrx_word' id='word_1_22' title='bbox 783 998 870 1061; x_wconf 76' lang='grc' dir='ltr'><strong><em>δίκαι</em></strong></span> <span class='ocrx_word' id='word_1_23' title='bbox 889 993 1048 1081; x_wconf 77' lang='grc' dir='ltr'><strong><em>ἔχοόρουν,</em></strong></span> <span class='ocrx_word' id='word_1_24' title='bbox 1075 991 1196 1076; x_wconf 84' lang='grc' dir='ltr'><strong><em>χανδόν</em></strong></span> <span class='ocrx_word' id='word_1_25' title='bbox 1290 989 1297 1009; x_wconf 74' lang='lat'><strong><em>‘</em></strong></span> 
     </span>
     <span class='ocr_line' id='line_1_5' title="bbox 106 1093 1197 1183; baseline 0.001 -26"><span class='ocrx_word' id='word_1_26' title='bbox 106 1093 360 1183; x_wconf 70' lang='grc' dir='ltr'>ἐμφορουμένων</span> <span class='ocrx_word' id='word_1_27' title='bbox 390 1097 452 1160; x_wconf 80' lang='grc' dir='ltr'><strong><em>τοῖν</em></strong></span> <span class='ocrx_word' id='word_1_28' title='bbox 480 1094 659 1183; x_wconf 82' lang='grc' dir='ltr'><strong><em>α’νθροόπων</em></strong></span> <span class='ocrx_word' id='word_1_29' title='bbox 687 1099 743 1180; x_wconf 80' lang='grc' dir='ltr'><strong><em>τῆς</em></strong></span> <span class='ocrx_word' id='word_1_30' title='bbox 772 1094 971 1177; x_wconf 74' lang='grc' dir='ltr'><strong><em>δικαιοσύνης</em></strong></span> <span class='ocrx_word' id='word_1_31' title='bbox 1000 1095 1058 1156; x_wconf 83' lang='grc' dir='ltr'><strong><em>τού</em></strong></span> <span class='ocrx_word' id='word_1_32' title='bbox 1077 1093 1197 1178; x_wconf 74' lang='grc' dir='ltr'><strong><em>κρίνον-</em></strong></span> 
     </span>
     <span class='ocr_line' id='line_1_6' title="bbox 86 1185 1196 1280; baseline -0.001 -23"><span class='ocrx_word' id='word_1_33' title='bbox 86 1193 180 1269; x_wconf 81' lang='grc' dir='ltr'><strong><em>5τος·</em></strong></span> <span class='ocrx_word' id='word_1_34' title='bbox 223 1194 383 1276; x_wconf 78' lang='grc' dir='ltr'><strong><em>άναβολαό</em></strong></span> <span class='ocrx_word' id='word_1_35' title='bbox 407 1217 444 1259; x_wconf 85' lang='grc' dir='ltr'>τε</span> <span class='ocrx_word' id='word_1_36' title='bbox 477 1194 535 1260; x_wconf 84' lang='grc' dir='ltr'><strong><em>οόκ</em></strong></span> <span class='ocrx_word' id='word_1_37' title='bbox 563 1189 647 1280; x_wconf 88' lang='grc' dir='ltr'><strong><em>ἡααν</em></strong></span> <span class='ocrx_word' id='word_1_38' title='bbox 673 1196 721 1259; x_wconf 72' lang='grc' dir='ltr'>ἐπ’</span> <span class='ocrx_word' id='word_1_39' title='bbox 751 1193 878 1273; x_wconf 81' lang='grc' dir='ltr'><strong><em>αόταϊς,</em></strong></span> <span class='ocrx_word' id='word_1_40' title='bbox 907 1185 983 1256; x_wconf 84' lang='grc' dir='ltr'><strong><em>όσαι</em></strong></span> <span class='ocrx_word' id='word_1_41' title='bbox 1008 1189 1141 1272; x_wconf 91' lang='grc' dir='ltr'><strong><em>νόμιμον</em></strong></span> <span class='ocrx_word' id='word_1_42' title='bbox 1160 1193 1196 1256; x_wconf 73' lang='lat' dir='ltr'>ts</span> 
     </span>
     <span class='ocr_line' id='line_1_7' title="bbox 108 1285 1197 1377; baseline -0.005 -20"><span class='ocrx_word' id='word_1_43' title='bbox 108 1295 174 1357; x_wconf 75' lang='grc' dir='ltr'><strong><em>τῶν</em></strong></span> <span class='ocrx_word' id='word_1_44' title='bbox 204 1293 353 1376; x_wconf 78' lang='grc' dir='ltr'><strong><em>συνήθων</em></strong></span> <span class='ocrx_word' id='word_1_45' title='bbox 379 1289 574 1377; x_wconf 74' lang='grc' dir='ltr'><strong><em>γραμμάτων</em></strong></span> <span class='ocrx_word' id='word_1_46' title='bbox 604 1290 639 1360; x_wconf 90' lang='grc' dir='ltr'>τό</span> <span class='ocrx_word' id='word_1_47' title='bbox 660 1285 770 1359; x_wconf 74' lang='grc' dir='ltr'><strong><em>ἄδικον</em></strong></span> <span class='ocrx_word' id='word_1_48' title='bbox 799 1290 946 1375; x_wconf 83' lang='grc' dir='ltr'><strong><em>ἴσχουσιν</em></strong></span> <span class='ocrx_word' id='word_1_49' title='bbox 967 1290 1014 1365; x_wconf 78' lang='grc' dir='ltr'><strong><em>εἰς</em></strong></span> <span class='ocrx_word' id='word_1_50' title='bbox 1043 1285 1197 1372; x_wconf 74' lang='grc' dir='ltr'><strong><em>βοήθειαν</em></strong></span> 
     </span>
     <span class='ocr_line' id='line_1_8' title="bbox 106 1381 1195 1478; baseline -0.006 -22"><span class='ocrx_word' id='word_1_51' title='bbox 106 1391 171 1456; x_wconf 74' lang='grc' dir='ltr'><strong><em>τῶν</em></strong></span> <span class='ocrx_word' id='word_1_52' title='bbox 200 1388 394 1456; x_wconf 67' lang='grc' dir='ltr'><strong><em>ἀδικούντων</em></strong></span> <span class='ocrx_word' id='word_1_53' title='bbox 420 1389 475 1456; x_wconf 81' lang='grc' dir='ltr'><strong><em>καί</em></strong></span> <span class='ocrx_word' id='word_1_54' title='bbox 502 1388 756 1478; x_wconf 79' lang='grc' dir='ltr'><strong><em>προειληφότων·</em></strong></span> <span class='ocrx_word' id='word_1_55' title='bbox 805 1391 875 1456; x_wconf 75' lang='grc' dir='ltr'><strong><em>ἀλλ’</em></strong></span> <span class='ocrx_word' id='word_1_56' title='bbox 900 1381 1140 1474; x_wconf 85' lang='grc' dir='ltr'><strong><em>ἡπαραχρὴμα</em></strong></span> <span class='ocrx_word' id='word_1_57' title='bbox 1160 1384 1195 1451; x_wconf 79' lang='grc' dir='ltr'>ἔ-</span> 
     </span>
     <span class='ocr_line' id='line_1_9' title="bbox 105 1484 1192 1577; baseline -0.003 -26"><span class='ocrx_word' id='word_1_58' title='bbox 105 1490 157 1552; x_wconf 85' lang='grc' dir='ltr'>δει</span> <span class='ocrx_word' id='word_1_59' title='bbox 177 1485 214 1553; x_wconf 87' lang='grc' dir='ltr'>τό</span> <span class='ocrx_word' id='word_1_60' title='bbox 242 1484 310 1554; x_wconf 72' lang='grc' dir='ltr'><strong><em>ἶσον</em></strong></span> <span class='ocrx_word' id='word_1_61' title='bbox 335 1491 520 1575; x_wconf 77' lang='grc' dir='ltr'><strong><em>ἐλέγχεσθαι</em></strong></span> <span class='ocrx_word' id='word_1_62' title='bbox 550 1488 628 1555; x_wconf 87' lang='grc' dir='ltr'><strong><em>κατά</em></strong></span> <span class='ocrx_word' id='word_1_63' title='bbox 658 1489 771 1577; x_wconf 90' lang='grc' dir='ltr'><strong><em>φύσιν,</em></strong></span> <span class='ocrx_word' id='word_1_64' title='bbox 801 1485 879 1574; x_wconf 86' lang='grc' dir='ltr'>ἡτό</span> <span class='ocrx_word' id='word_1_65' title='bbox 899 1492 1016 1570; x_wconf 79' lang='grc' dir='ltr'><strong><em>μέλλον</em></strong></span> <span class='ocrx_word' id='word_1_66' title='bbox 1038 1488 1097 1552; x_wconf 72' lang='grc' dir='ltr'><strong><em>κατ’</em></strong></span> <span class='ocrx_word' id='word_1_67' title='bbox 1115 1488 1192 1550; x_wconf 88' lang='grc' dir='ltr'><strong><em>διω-</em></strong></span> 
     </span>
     <span class='ocr_line' id='line_1_10' title="bbox 103 1576 1192 1676; baseline -0.003 -26"><span class='ocrx_word' id='word_1_68' title='bbox 103 1586 263 1668; x_wconf 88' lang='grc' dir='ltr'><strong><em>θούμενον</em></strong></span> <span class='ocrx_word' id='word_1_69' title='bbox 277 1586 405 1665; x_wconf 79' lang='grc' dir='ltr'><strong><em>εἰς’τόν</em></strong></span> <span class='ocrx_word' id='word_1_70' title='bbox 430 1588 546 1676; x_wconf 87' lang='grc' dir='ltr'><strong><em>χρόνον</em></strong></span> <span class='ocrx_word' id='word_1_71' title='bbox 572 1584 710 1654; x_wconf 81' lang='grc' dir='ltr'><strong><em>ύποπτον</em></strong></span> <span class='ocrx_word' id='word_1_72' title='bbox 740 1582 801 1673; x_wconf 89' lang='grc' dir='ltr'><strong><em>ἡν.</em></strong></span> <span class='ocrx_word' id='word_1_73' title='bbox 840 1586 944 1674; x_wconf 74' lang='grc' dir='ltr'><strong><em>βαρύς</em></strong></span> <span class='ocrx_word' id='word_1_74' title='bbox 970 1587 1031 1668; x_wconf 76' lang='grc' dir='ltr'><strong><em>μὲν</em></strong></span> <span class='ocrx_word' id='word_1_75' title='bbox 1059 1576 1116 1649; x_wconf 83' lang='grc' dir='ltr'><strong><em>σύν</em></strong></span> <span class='ocrx_word' id='word_1_76' title='bbox 1136 1581 1192 1648; x_wconf 74' lang='grc' dir='ltr'><strong><em>καὶ</em></strong></span> 
     </span>
    </p>

    <p class='ocr_par' dir='ltr' id='par_1_4' title="bbox 65 1682 1217 1771">
     <span class='ocr_line' id='line_1_11' title="bbox 65 1682 1217 1771; baseline -0.004 -21"><span class='ocrx_word' id='word_1_77' title='bbox 65 1682 248 1770; x_wconf 85' lang='grc' dir='ltr'><strong><em>ιολυπηρός</em></strong></span> <span class='ocrx_word' id='word_1_78' title='bbox 276 1683 444 1771; x_wconf 74' lang='grc' dir='ltr'><strong><em>ἐτύγχανε,</em></strong></span> <span class='ocrx_word' id='word_1_79' title='bbox 474 1686 530 1752; x_wconf 75' lang='grc' dir='ltr'><strong><em>καὶ</em></strong></span> <span class='ocrx_word' id='word_1_80' title='bbox 573 1689 629 1753; x_wconf 73' lang='lat' dir='ltr'>tut</span> <span class='ocrx_word' id='word_1_81' title='bbox 661 1689 765 1754; x_wconf 76' lang='grc' dir='ltr'><strong><em>τοῖσδε</em></strong></span> <span class='ocrx_word' id='word_1_82' title='bbox 801 1687 857 1753; x_wconf 74' lang='grc' dir='ltr'><strong><em>καὶ</em></strong></span> <span class='ocrx_word' id='word_1_83' title='bbox 881 1682 917 1753; x_wconf 89' lang='grc' dir='ltr'>τό</span> <span class='ocrx_word' id='word_1_84' title='bbox 948 1687 1013 1751; x_wconf 75' lang='grc' dir='ltr'><strong><em>τῶν</em></strong></span> <span class='ocrx_word' id='word_1_85' title='bbox 1047 1685 1217 1769; x_wconf 65' lang='grc' dir='ltr'><strong><em>πονηρῶνη</em></strong></span> 
     </span>
    </p>
   </div>
   <div class='ocr_carea' id='block_1_3' title="bbox 66 1877 1282 2556">
    <p class='ocr_par' dir='ltr' id='par_1_5' title="bbox 66 1877 1282 2556">
     <span class='ocr_line' id='line_1_12' title="bbox 89 1877 1189 1972; baseline -0.002 -26"><span class='ocrx_word' id='word_1_86' title='bbox 89 1877 180 1948; x_wconf 54' lang='lat' dir='ltr'>&gt;ouidi</span> <span class='ocrx_word' id='word_1_87' title='bbox 209 1885 377 1950; x_wconf 75' lang='grc' dir='ltr'><strong><em>λανθάνειν</em></strong></span> <span class='ocrx_word' id='word_1_88' title='bbox 411 1881 578 1951; x_wconf 86' lang='grc' dir='ltr'><strong><em>άδικούσι.</em></strong></span> <span class='ocrx_word' id='word_1_89' title='bbox 617 1885 795 1972; x_wconf 84' lang='grc' dir='ltr'><strong><em>βαρύτερον</em></strong></span> <span class='ocrx_word' id='word_1_90' title='bbox 823 1887 860 1950; x_wconf 76' lang='grc' dir='ltr'>δὲ</span> <span class='ocrx_word' id='word_1_91' title='bbox 883 1882 981 1951; x_wconf 84' lang='grc' dir='ltr'><strong><em>αύτόν</em></strong></span> <span class='ocrx_word' id='word_1_92' title='bbox 1007 1884 1189 1949; x_wconf 82' lang='grc' dir='ltr'><strong><em>ἆπεδεάαυε</em></strong></span> 
     </span>
     <span class='ocr_line' id='line_1_13' title="bbox 96 1979 1186 2072; baseline -0.001 -25"><span class='ocrx_word' id='word_1_93' title='bbox 96 1991 162 2059; x_wconf 81' lang='grc' dir='ltr'><strong><em>τοϊς</em></strong></span> <span class='ocrx_word' id='word_1_94' title='bbox 188 1987 366 2071; x_wconf 82' lang='grc' dir='ltr'><strong><em>μοχθηροῖς</em></strong></span> <span class='ocrx_word' id='word_1_95' title='bbox 388 1983 443 2048; x_wconf 79' lang='grc' dir='ltr'><strong><em>καὶ</em></strong></span> <span class='ocrx_word' id='word_1_96' title='bbox 461 1983 496 2048; x_wconf 88' lang='grc' dir='ltr'>τό</span> <span class='ocrx_word' id='word_1_97' title='bbox 522 1983 733 2071; x_wconf 81' lang='grc' dir='ltr'><strong><em>εύπρόσοδον.</em></strong></span> <span class='ocrx_word' id='word_1_98' title='bbox 782 1979 834 2051; x_wconf 76' lang='grc' dir='ltr'>οἷα</span> <span class='ocrx_word' id='word_1_99' title='bbox 861 1984 921 2072; x_wconf 85' lang='grc' dir='ltr'>γάρ</span> <span class='ocrx_word' id='word_1_100' title='bbox 943 1983 1106 2071; x_wconf 84' lang='grc' dir='ltr'><strong><em>προϊόντος</em></strong></span> <span class='ocrx_word' id='word_1_101' title='bbox 1125 1986 1186 2063; x_wconf 80' lang='grc' dir='ltr'><strong><em>μὲν</em></strong></span> 
     </span>
     <span class='ocr_line' id='line_1_14' title="bbox 96 2079 1188 2170; baseline -0.001 -25"><span class='ocrx_word' id='word_1_102' title='bbox 96 2084 249 2158; x_wconf 82' lang='grc' dir='ltr'><strong><em>πολλάκις</em></strong></span> <span class='ocrx_word' id='word_1_103' title='bbox 278 2080 332 2146; x_wconf 87' lang='grc' dir='ltr'>διά</span> <span class='ocrx_word' id='word_1_104' title='bbox 363 2081 421 2160; x_wconf 84' lang='grc' dir='ltr'><strong><em>τάς</em></strong></span> <span class='ocrx_word' id='word_1_105' title='bbox 455 2083 638 2169; x_wconf 78' lang='grc' dir='ltr'><strong><em>ἱερομηνίας</em></strong></span> <span class='ocrx_word' id='word_1_106' title='bbox 657 2089 712 2151; x_wconf 77' lang='grc' dir='ltr'><strong><em>κατ’</em></strong></span> <span class='ocrx_word' id='word_1_107' title='bbox 729 2084 863 2167; x_wconf 72' lang='grc' dir='ltr'><strong><em>θυσίας,</em></strong></span> <span class='ocrx_word' id='word_1_108' title='bbox 889 2084 1008 2170; x_wconf 76' lang='grc' dir='ltr'><strong><em>ἡμέρου</em></strong></span> <span class='ocrx_word' id='word_1_109' title='bbox 1030 2086 1066 2149; x_wconf 87' lang='grc' dir='ltr'>δὲ</span> <span class='ocrx_word' id='word_1_110' title='bbox 1091 2079 1188 2170; x_wconf 86' lang='grc' dir='ltr'><strong><em>φύσει</em></strong></span> 
     </span>
     <span class='ocr_line' id='line_1_15' title="bbox 66 2179 1189 2275; baseline 0 -32"><span class='ocrx_word' id='word_1_111' title='bbox 66 2179 183 2268; x_wconf 71' lang='grc' dir='ltr'><strong><em>ιςπρός</em></strong></span> <span class='ocrx_word' id='word_1_112' title='bbox 202 2186 310 2248; x_wconf 80' lang='grc' dir='ltr'><strong><em>πᾶσαν</em></strong></span> <span class='ocrx_word' id='word_1_113' title='bbox 329 2179 466 2262; x_wconf 78' lang='grc' dir='ltr'><strong><em>ἔντευξιν</em></strong></span> <span class='ocrx_word' id='word_1_114' title='bbox 477 2183 699 2275; x_wconf 58' lang='grc' dir='ltr'><strong><em>τυγχάνοντος,</em></strong></span> <span class='ocrx_word' id='word_1_115' title='bbox 718 2185 904 2250; x_wconf 50' lang='grc' dir='ltr'><strong><em>α’κοόλυτοβ</em></strong></span> <span class='ocrx_word' id='word_1_116' title='bbox 924 2180 999 2260; x_wconf 88' lang='grc' dir='ltr'><strong><em>τούς</em></strong></span> <span class='ocrx_word' id='word_1_117' title='bbox 1020 2185 1189 2264; x_wconf 83' lang='grc' dir='ltr'><strong><em>δεομένους</em></strong></span> 
     </span>
     <span class='ocr_line' id='line_1_16' title="bbox 103 2275 1282 2367; baseline 0.002 -22"><span class='ocrx_word' id='word_1_118' title='bbox 103 2278 197 2364; x_wconf 83' lang='grc' dir='ltr'><strong><em>λόγου</em></strong></span> <span class='ocrx_word' id='word_1_119' title='bbox 217 2290 337 2364; x_wconf 79' lang='grc' dir='ltr'><strong><em>τυχεῖν.</em></strong></span> <span class='ocrx_word' id='word_1_120' title='bbox 373 2281 471 2364; x_wconf 80' lang='grc' dir='ltr'><strong><em>όμὲν</em></strong></span> <span class='ocrx_word' id='word_1_121' title='bbox 503 2275 561 2347; x_wconf 87' lang='grc' dir='ltr'><strong><em>σόν</em></strong></span> <span class='ocrx_word' id='word_1_122' title='bbox 592 2284 753 2367; x_wconf 78' lang='grc' dir='ltr'><strong><em>ἐλάχιστον</em></strong></span> <span class='ocrx_word' id='word_1_123' title='bbox 783 2286 840 2365; x_wconf 77' lang='grc' dir='ltr'><strong><em>τῆς</em></strong></span> <span class='ocrx_word' id='word_1_124' title='bbox 867 2281 928 2346; x_wconf 88' lang='grc' dir='ltr'>ύπό</span> <span class='ocrx_word' id='word_1_125' title='bbox 955 2285 1020 2347; x_wconf 77' lang='grc' dir='ltr'><strong><em>τῶν</em></strong></span> <span class='ocrx_word' id='word_1_126' title='bbox 1040 2283 1282 2364; x_wconf 70' lang='grc' dir='ltr'><strong><em>πονηρῶνλὶυοὸ</em></strong></span> 
     </span>
     <span class='ocr_line' id='line_1_17' title="bbox 102 2377 1190 2471; baseline -0.001 -29"><span class='ocrx_word' id='word_1_127' title='bbox 102 2377 220 2465; x_wconf 86' lang='grc' dir='ltr'><strong><em>ταύτης</em></strong></span> <span class='ocrx_word' id='word_1_128' title='bbox 247 2379 452 2467; x_wconf 69' lang='grc' dir='ltr'><strong><em>βλασφημίας</em></strong></span> <span class='ocrx_word' id='word_1_129' title='bbox 478 2405 512 2447; x_wconf 86' lang='grc' dir='ltr'>τε</span> <span class='ocrx_word' id='word_1_130' title='bbox 542 2380 596 2449; x_wconf 78' lang='grc' dir='ltr'><strong><em>καὶ</em></strong></span> <span class='ocrx_word' id='word_1_131' title='bbox 623 2378 719 2469; x_wconf 87' lang='grc' dir='ltr'><strong><em>όργὴς</em></strong></span> <span class='ocrx_word' id='word_1_132' title='bbox 746 2377 904 2471; x_wconf 73' lang='grc' dir='ltr'><strong><em>ᾐσθάνετο</em></strong></span> <span class='ocrx_word' id='word_1_133' title='bbox 924 2382 980 2445; x_wconf 77' lang='grc' dir='ltr'><strong><em>καὶ</em></strong></span> <span class='ocrx_word' id='word_1_134' title='bbox 1005 2379 1190 2466; x_wconf 79' lang='grc' dir='ltr'><strong><em>ἐφρόντιζε.</em></strong></span> 
     </span>
     <span class='ocr_line' id='line_1_18' title="bbox 104 2479 384 2556; baseline 0.004 -12"><span class='ocrx_word' id='word_1_135' title='bbox 104 2479 142 2544; x_wconf 88' lang='lat' dir='ltr'><em>V</em></span> <span class='ocrx_word' id='word_1_136' title='bbox 136 2503 184 2545; x_wconf 79' lang='lat' dir='ltr'>oc.</span> <span class='ocrx_word' id='word_1_137' title='bbox 204 2480 384 2556; x_wconf 86' lang='grc' dir='ltr'><strong><em>Ἰουλιανός.</em></strong></span> 
     </span>
    </p>
   </div>
   <div class='ocr_carea' id='block_1_4' title="bbox 66 2573 1279 2966">
    <p class='ocr_par' dir='ltr' id='par_1_6' title="bbox 66 2573 1279 2966">
     <span class='ocr_line' id='line_1_19' title="bbox 187 2573 1279 2667; baseline -0.005 -16"><span class='ocrx_word' id='word_1_138' title='bbox 187 2573 245 2651; x_wconf 72' lang='grc' dir='ltr'>ς’·’</span> <span class='ocrx_word' id='word_1_139' title='bbox 267 2577 475 2664; x_wconf 80' lang='grc' dir='ltr'><strong><em>Σαλούστιος,</em></strong></span> <span class='ocrx_word' id='word_1_140' title='bbox 510 2581 606 2667; x_wconf 87' lang='grc' dir='ltr'><strong><em>ότὴς</em></strong></span> <span class='ocrx_word' id='word_1_141' title='bbox 636 2574 737 2664; x_wconf 87' lang='grc' dir='ltr'><strong><em>αύλὴς</em></strong></span> <span class='ocrx_word' id='word_1_142' title='bbox 762 2576 902 2665; x_wconf 76' lang='grc' dir='ltr'><strong><em>ἔπαρχος</em></strong></span> <span class='ocrx_word' id='word_1_143' title='bbox 921 2577 977 2646; x_wconf 72' lang='grc' dir='ltr'>ἐπὶ</span> <span class='ocrx_word' id='word_1_144' title='bbox 1002 2578 1279 2657; x_wconf 54' lang='lat' dir='ltr'>’inattenuata</span> 
     </span>
     <span class='ocr_line' id='line_1_20' title="bbox 66 2667 1192 2768; baseline 0.002 -30"><span class='ocrx_word' id='word_1_145' title='bbox 66 2670 183 2761; x_wconf 69' lang='grc' dir='ltr'><strong><em>οοάνὴρ</em></strong></span> <span class='ocrx_word' id='word_1_146' title='bbox 213 2671 254 2763; x_wconf 84' lang='grc' dir='ltr'><strong><em>ἡν</em></strong></span> <span class='ocrx_word' id='word_1_147' title='bbox 280 2679 496 2766; x_wconf 88' lang='grc' dir='ltr'><strong><em>διαφερόντως</em></strong></span> <span class='ocrx_word' id='word_1_148' title='bbox 530 2678 673 2767; x_wconf 88' lang='grc' dir='ltr'><strong><em>περιττός</em></strong></span> <span class='ocrx_word' id='word_1_149' title='bbox 710 2682 755 2758; x_wconf 85' lang='grc' dir='ltr'><strong><em>εἰς</em></strong></span> <span class='ocrx_word' id='word_1_150' title='bbox 785 2683 1045 2768; x_wconf 80' lang='grc' dir='ltr'><strong><em>φιλανθρωπίαν·</em></strong></span> <span class='ocrx_word' id='word_1_151' title='bbox 1104 2667 1129 2765; x_wconf 82' lang='grc' dir='ltr'><em>ᾧ</em></span> <span class='ocrx_word' id='word_1_152' title='bbox 1156 2700 1192 2760; x_wconf 85' lang='grc' dir='ltr'><strong><em>γυ</em></strong></span> 
     </span>
     <span class='ocr_line' id='line_1_21' title="bbox 102 2773 1193 2871; baseline -0.001 -31"><span class='ocrx_word' id='word_1_153' title='bbox 102 2777 252 2841; x_wconf 83' lang='grc' dir='ltr'><strong><em>τοσούτον</em></strong></span> <span class='ocrx_word' id='word_1_154' title='bbox 294 2776 485 2864; x_wconf 80' lang='grc' dir='ltr'><strong><em>ἡμερότητος</em></strong></span> <span class='ocrx_word' id='word_1_155' title='bbox 523 2784 580 2847; x_wconf 71' lang='grc' dir='ltr'><strong><em>κατ’</em></strong></span> <span class='ocrx_word' id='word_1_156' title='bbox 624 2780 798 2868; x_wconf 77' lang='grc' dir='ltr'><strong><em>πρᾳότητος</em></strong></span> <span class='ocrx_word' id='word_1_157' title='bbox 829 2780 971 2868; x_wconf 78' lang='grc' dir='ltr'><strong><em>ύπὴρχεν</em></strong></span> <span class='ocrx_word' id='word_1_158' title='bbox 1011 2780 1057 2871; x_wconf 78' lang='grc' dir='ltr'><strong><em>εἰς</em></strong></span> <span class='ocrx_word' id='word_1_159' title='bbox 1090 2773 1193 2840; x_wconf 78' lang='grc' dir='ltr'><strong><em>ἅπαν-</em></strong></span> 
     </span>
     <span class='ocr_line' id='line_1_22' title="bbox 102 2871 1193 2966; baseline 0.002 -27"><span class='ocrx_word' id='word_1_160' title='bbox 102 2900 175 2958; x_wconf 81' lang='grc' dir='ltr'><strong><em>τας,</em></strong></span> <span class='ocrx_word' id='word_1_161' title='bbox 210 2871 293 2942; x_wconf 78' lang='grc' dir='ltr'><strong><em>ὥστε</em></strong></span> <span class='ocrx_word' id='word_1_162' title='bbox 320 2875 378 2943; x_wconf 89' lang='grc' dir='ltr'><strong><em>τόν</em></strong></span> <span class='ocrx_word' id='word_1_163' title='bbox 407 2878 598 2966; x_wconf 88' lang='grc' dir='ltr'><strong><em>Μάρκελλον</em></strong></span> <span class='ocrx_word' id='word_1_164' title='bbox 630 2883 745 2946; x_wconf 77' lang='grc' dir='ltr'><strong><em>ἐκεῖνον</em></strong></span> <span class='ocrx_word' id='word_1_165' title='bbox 751 2931 762 2963; x_wconf 84' lang='grc'><strong><em>,</em></strong></span> <span class='ocrx_word' id='word_1_166' title='bbox 797 2878 854 2946; x_wconf 89' lang='grc' dir='ltr'><strong><em>τόν</em></strong></span> <span class='ocrx_word' id='word_1_167' title='bbox 861 2932 872 2962; x_wconf 90' lang='grc'><strong><em>,</em></strong></span> <span class='ocrx_word' id='word_1_168' title='bbox 908 2881 1000 2966; x_wconf 72' lang='grc' dir='ltr'><strong><em>ἡνίκα</em></strong></span> <span class='ocrx_word' id='word_1_169' title='bbox 1035 2873 1075 2963; x_wconf 86' lang='grc' dir='ltr'><strong><em>ἡν</em></strong></span> <span class='ocrx_word' id='word_1_170' title='bbox 1106 2880 1193 2943; x_wconf 73' lang='lat' dir='ltr'>Kat-</span> 
     </span>
    </p>
   </div>
   <div class='ocr_carea' id='block_1_5' title="bbox 98 3077 1230 4496">
    <p class='ocr_par' dir='ltr' id='par_1_7' title="bbox 98 3077 1230 4496">
     <span class='ocr_line' id='line_1_23' title="bbox 103 3077 1188 3153; baseline -0.005 -20"><span class='ocrx_word' id='word_1_171' title='bbox 103 3087 132 3135; x_wconf 80' lang='lat' dir='ltr'>et</span> <span class='ocrx_word' id='word_1_172' title='bbox 148 3081 251 3153; x_wconf 76' lang='lat' dir='ltr'>insigni</span> <span class='ocrx_word' id='word_1_173' title='bbox 268 3100 358 3136; x_wconf 83' lang='lat' dir='ltr'>rerum</span> <span class='ocrx_word' id='word_1_174' title='bbox 379 3083 555 3153; x_wconf 76' lang='lat' dir='ltr'>gerendarum</span> <span class='ocrx_word' id='word_1_175' title='bbox 573 3086 687 3139; x_wconf 85' lang='lat' dir='ltr'>audacia</span> <span class='ocrx_word' id='word_1_176' title='bbox 704 3086 834 3139; x_wconf 90' lang='lat' dir='ltr'>mortales</span> <span class='ocrx_word' id='word_1_177' title='bbox 851 3089 980 3148; x_wconf 83' lang='lat' dir='ltr'>terreret,</span> <span class='ocrx_word' id='word_1_178' title='bbox 998 3096 1093 3133; x_wconf 89' lang='lat' dir='ltr'>omnes</span> <span class='ocrx_word' id='word_1_179' title='bbox 1111 3094 1127 3128; x_wconf 86' lang='lat' dir='ltr'>a</span> <span class='ocrx_word' id='word_1_180' title='bbox 1145 3077 1188 3130; x_wconf 89' lang='lat' dir='ltr'>la-</span> 
     </span>
     <span class='ocr_line' id='line_1_24' title="bbox 102 3151 1228 3223; baseline 0.016 -21"><span class='ocrx_word' id='word_1_181' title='bbox 102 3151 220 3205; x_wconf 80' lang='lat' dir='ltr'>trocinio</span> <span class='ocrx_word' id='word_1_182' title='bbox 239 3153 415 3223; x_wconf 87' lang='lat' dir='ltr'>prohibebat.</span> <span class='ocrx_word' id='word_1_183' title='bbox 1225 3199 1228 3205; x_wconf 92' lang='lat'>·</span> 
     </span>
     <span class='ocr_line' id='line_1_25' title="bbox 171 3218 1187 3293; baseline 0.005 -19"><span class='ocrx_word' id='word_1_184' title='bbox 171 3223 196 3274; x_wconf 83' lang='lat'>5.</span> <span class='ocrx_word' id='word_1_185' title='bbox 233 3225 276 3277; x_wconf 78' lang='lat' dir='ltr'>Ad</span> <span class='ocrx_word' id='word_1_186' title='bbox 305 3226 442 3276; x_wconf 85' lang='lat' dir='ltr'>lulianum</span> <span class='ocrx_word' id='word_1_187' title='bbox 469 3228 573 3279; x_wconf 85' lang='lat' dir='ltr'>multae</span> <span class='ocrx_word' id='word_1_188' title='bbox 603 3244 701 3279; x_wconf 72' lang='lat' dir='ltr'>musae</span> <span class='ocrx_word' id='word_1_189' title='bbox 733 3224 943 3287; x_wconf 79' lang='lat' dir='ltr'>deserebantur,</span> <span class='ocrx_word' id='word_1_190' title='bbox 969 3218 1044 3293; x_wconf 80' lang='lat' dir='ltr'>quod</span> <span class='ocrx_word' id='word_1_191' title='bbox 1061 3218 1187 3271; x_wconf 66' lang='lat' dir='ltr'>homine·</span> 
     </span>
     <span class='ocr_line' id='line_1_26' title="bbox 103 3291 1186 3368; baseline 0.007 -26"><span class='ocrx_word' id='word_1_192' title='bbox 103 3292 204 3344; x_wconf 76' lang='lat' dir='ltr'>anatim</span> <span class='ocrx_word' id='word_1_193' title='bbox 224 3294 301 3346; x_wconf 90' lang='lat' dir='ltr'>illius</span> <span class='ocrx_word' id='word_1_194' title='bbox 321 3296 419 3348; x_wconf 90' lang='lat' dir='ltr'>iudicis</span> <span class='ocrx_word' id='word_1_195' title='bbox 438 3297 579 3368; x_wconf 85' lang='lat' dir='ltr'>aequitate</span> <span class='ocrx_word' id='word_1_196' title='bbox 598 3298 764 3355; x_wconf 78' lang='lat' dir='ltr'>fruerentur,</span> <span class='ocrx_word' id='word_1_197' title='bbox 799 3297 894 3367; x_wconf 84' lang='lat' dir='ltr'>Neque</span> <span class='ocrx_word' id='word_1_198' title='bbox 913 3293 987 3347; x_wconf 80' lang='lat' dir='ltr'>enim</span> <span class='ocrx_word' id='word_1_199' title='bbox 1006 3291 1186 3344; x_wconf 71' lang='lat' dir='ltr'>dilaliwibu·</span> 
     </span>
     <span class='ocr_line' id='line_1_27' title="bbox 103 3358 1188 3439; baseline 0.001 -27"><span class='ocrx_word' id='word_1_200' title='bbox 103 3363 238 3414; x_wconf 78' lang='lat' dir='ltr'>eiusmodi</span> <span class='ocrx_word' id='word_1_201' title='bbox 267 3365 344 3417; x_wconf 87' lang='lat' dir='ltr'>loeus</span> <span class='ocrx_word' id='word_1_202' title='bbox 371 3375 446 3430; x_wconf 87' lang='lat' dir='ltr'>erat,</span> <span class='ocrx_word' id='word_1_203' title='bbox 476 3385 546 3439; x_wconf 84' lang='lat' dir='ltr'>quae</span> <span class='ocrx_word' id='word_1_204' title='bbox 571 3367 631 3437; x_wconf 78' lang='lat' dir='ltr'>lege</span> <span class='ocrx_word' id='word_1_205' title='bbox 655 3371 785 3421; x_wconf 84' lang='lat' dir='ltr'>sancitam</span> <span class='ocrx_word' id='word_1_206' title='bbox 814 3366 984 3419; x_wconf 88' lang='lat' dir='ltr'>econsuetis</span> <span class='ocrx_word' id='word_1_207' title='bbox 1007 3361 1115 3429; x_wconf 86' lang='lat' dir='ltr'>scriptis</span> <span class='ocrx_word' id='word_1_208' title='bbox 1139 3358 1188 3413; x_wconf 84' lang='lat' dir='ltr'>ba·</span> 
     </span>
     <span class='ocr_line' id='line_1_28' title="bbox 102 3422 1187 3506; baseline 0.001 -23"><span class='ocrx_word' id='word_1_209' title='bbox 102 3422 198 3485; x_wconf 77' lang='lat' dir='ltr'>herent</span> <span class='ocrx_word' id='word_1_210' title='bbox 222 3435 416 3505; x_wconf 65' lang='lat' dir='ltr'>iniquttatem,</span> <span class='ocrx_word' id='word_1_211' title='bbox 440 3444 469 3490; x_wconf 91' lang='lat' dir='ltr'>et</span> <span class='ocrx_word' id='word_1_212' title='bbox 502 3437 662 3490; x_wconf 86' lang='lat' dir='ltr'>horninibus</span> <span class='ocrx_word' id='word_1_213' title='bbox 688 3438 799 3490; x_wconf 89' lang='lat' dir='ltr'>iniustis</span> <span class='ocrx_word' id='word_1_214' title='bbox 828 3437 974 3506; x_wconf 83' lang='lat' dir='ltr'>alienaque</span> <span class='ocrx_word' id='word_1_215' title='bbox 997 3431 1187 3484; x_wconf 73' lang='lat' dir='ltr'>detinentibus</span> 
     </span>
     <span class='ocr_line' id='line_1_29' title="bbox 102 3503 1187 3580; baseline 0.006 -31"><span class='ocrx_word' id='word_1_216' title='bbox 102 3504 314 3571; x_wconf 75' lang='lat' dir='ltr'>auxiliarentu13</span> <span class='ocrx_word' id='word_1_217' title='bbox 341 3506 389 3558; x_wconf 87' lang='lat' dir='ltr'>sed</span> <span class='ocrx_word' id='word_1_218' title='bbox 419 3517 468 3561; x_wconf 82' lang='lat' dir='ltr'>aut</span> <span class='ocrx_word' id='word_1_219' title='bbox 496 3511 588 3561; x_wconf 85' lang='lat' dir='ltr'>statim</span> <span class='ocrx_word' id='word_1_220' title='bbox 618 3510 745 3580; x_wconf 88' lang='lat' dir='ltr'>aequitas</span> <span class='ocrx_word' id='word_1_221' title='bbox 776 3515 891 3560; x_wconf 85' lang='lat' dir='ltr'>naturae</span> <span class='ocrx_word' id='word_1_222' title='bbox 921 3511 1104 3558; x_wconf 84' lang='lat' dir='ltr'>consentanea</span> <span class='ocrx_word' id='word_1_223' title='bbox 1136 3503 1187 3555; x_wconf 88' lang='lat' dir='ltr'>de-</span> 
     </span>
     <span class='ocr_line' id='line_1_30' title="bbox 101 3572 1186 3648; baseline 0.005 -26"><span class='ocrx_word' id='word_1_224' title='bbox 101 3574 275 3627; x_wconf 82' lang='lat' dir='ltr'>monstranda</span> <span class='ocrx_word' id='word_1_225' title='bbox 315 3585 388 3642; x_wconf 82' lang='lat' dir='ltr'>erat,</span> <span class='ocrx_word' id='word_1_226' title='bbox 412 3587 461 3631; x_wconf 89' lang='lat' dir='ltr'>aut</span> <span class='ocrx_word' id='word_1_227' title='bbox 488 3595 563 3632; x_wconf 85' lang='lat' dir='ltr'>mora</span> <span class='ocrx_word' id='word_1_228' title='bbox 591 3587 619 3631; x_wconf 88' lang='lat' dir='ltr'>et</span> <span class='ocrx_word' id='word_1_229' title='bbox 642 3580 851 3648; x_wconf 79' lang='lat' dir='ltr'>procrastinatio</span> <span class='ocrx_word' id='word_1_230' title='bbox 876 3586 1001 3646; x_wconf 87' lang='lat' dir='ltr'>suspecta</span> <span class='ocrx_word' id='word_1_231' title='bbox 1024 3572 1186 3628; x_wconf 82' lang='lat' dir='ltr'>habebatur.</span> 
     </span>
     <span class='ocr_line' id='line_1_31' title="bbox 103 3641 1187 3718; baseline 0.003 -26"><span class='ocrx_word' id='word_1_232' title='bbox 103 3641 196 3696; x_wconf 83' lang='lat' dir='ltr'>Gravis</span> <span class='ocrx_word' id='word_1_233' title='bbox 229 3647 314 3714; x_wconf 75' lang='lat' dir='ltr'>igitur</span> <span class='ocrx_word' id='word_1_234' title='bbox 344 3657 373 3700; x_wconf 91' lang='lat' dir='ltr'>et</span> <span class='ocrx_word' id='word_1_235' title='bbox 397 3651 528 3706; x_wconf 79' lang='lat' dir='ltr'>molestus</span> <span class='ocrx_word' id='word_1_236' title='bbox 557 3657 632 3710; x_wconf 90' lang='lat' dir='ltr'>erat,</span> <span class='ocrx_word' id='word_1_237' title='bbox 665 3657 693 3702; x_wconf 86' lang='lat' dir='ltr'>et</span> <span class='ocrx_word' id='word_1_238' title='bbox 722 3650 757 3701; x_wconf 89' lang='lat' dir='ltr'>ob</span> <span class='ocrx_word' id='word_1_239' title='bbox 782 3649 850 3700; x_wconf 88' lang='lat' dir='ltr'>haec</span> <span class='ocrx_word' id='word_1_240' title='bbox 874 3646 1060 3718; x_wconf 86' lang='lat' dir='ltr'>improborum</span> <span class='ocrx_word' id='word_1_241' title='bbox 1085 3653 1114 3695; x_wconf 89' lang='lat' dir='ltr'>et</span> <span class='ocrx_word' id='word_1_242' title='bbox 1144 3646 1187 3714; x_wconf 59' lang='grc' dir='ltr'>ἰα-ο</span> 
     </span>
     <span class='ocr_line' id='line_1_32' title="bbox 101 3713 1186 3788; baseline 0.002 -25"><span class='ocrx_word' id='word_1_243' title='bbox 101 3713 233 3767; x_wconf 82' lang='lat' dir='ltr'>iustorum</span> <span class='ocrx_word' id='word_1_244' title='bbox 253 3719 329 3770; x_wconf 88' lang='lat' dir='ltr'>natio</span> <span class='ocrx_word' id='word_1_245' title='bbox 355 3720 574 3788; x_wconf 73' lang='lat' dir='ltr'>exasperabatur.</span> <span class='ocrx_word' id='word_1_246' title='bbox 616 3719 674 3771; x_wconf 86' lang='lat' dir='ltr'>Nec</span> <span class='ocrx_word' id='word_1_247' title='bbox 700 3723 773 3772; x_wconf 87' lang='lat' dir='ltr'>enim</span> <span class='ocrx_word' id='word_1_248' title='bbox 798 3720 927 3773; x_wconf 82' lang='lat' dir='ltr'>iniuriam</span> <span class='ocrx_word' id='word_1_249' title='bbox 952 3716 1042 3768; x_wconf 81' lang='lat' dir='ltr'>faeere</span> <span class='ocrx_word' id='word_1_250' title='bbox 1069 3714 1186 3776; x_wconf 83' lang='lat' dir='ltr'>licebat,</span> 
     </span>
     <span class='ocr_line' id='line_1_33' title="bbox 99 3785 1186 3908; baseline 0.001 -74"><span class='ocrx_word' id='word_1_251' title='bbox 99 3799 163 3847; x_wconf 88' lang='lat' dir='ltr'>nee,</span> <span class='ocrx_word' id='word_1_252' title='bbox 183 3788 233 3908; x_wconf 62' lang='lat' dir='ltr'>spui</span> <span class='ocrx_word' id='word_1_253' title='bbox 259 3789 388 3839; x_wconf 86' lang='lat' dir='ltr'>iniuriam</span> <span class='ocrx_word' id='word_1_254' title='bbox 416 3791 561 3852; x_wconf 82' lang='lat' dir='ltr'>fecissent,</span> <span class='ocrx_word' id='word_1_255' title='bbox 593 3790 846 3858; x_wconf 78' lang='lat' dir='ltr'>latere&#39;poterant.</span> <span class='ocrx_word' id='word_1_256' title='bbox 890 3789 1077 3841; x_wconf 83' lang='lat' dir='ltr'>Molestiorem</span> <span class='ocrx_word' id='word_1_257' title='bbox 1102 3785 1186 3835; x_wconf 85' lang='lat' dir='ltr'>etiam</span> 
     </span>
     <span class='ocr_line' id='line_1_34' title="bbox 100 3853 1186 3926; baseline 0.005 -22"><span class='ocrx_word' id='word_1_258' title='bbox 100 3853 185 3925; x_wconf 85' lang='lat' dir='ltr'>impro</span> <span class='ocrx_word' id='word_1_259' title='bbox 209 3857 232 3908; x_wconf 93' lang='lat' dir='ltr'>is</span> <span class='ocrx_word' id='word_1_260' title='bbox 259 3859 338 3911; x_wconf 91' lang='lat' dir='ltr'>illum</span> <span class='ocrx_word' id='word_1_261' title='bbox 364 3859 499 3912; x_wconf 87' lang='lat' dir='ltr'>reddebat</span> <span class='ocrx_word' id='word_1_262' title='bbox 524 3860 644 3912; x_wconf 88' lang='lat' dir='ltr'>adeundi</span> <span class='ocrx_word' id='word_1_263' title='bbox 670 3861 794 3914; x_wconf 79' lang='lat' dir='ltr'>facilitas.</span> <span class='ocrx_word' id='word_1_264' title='bbox 831 3857 899 3913; x_wconf 72' lang='lat' dir='ltr'>cum</span> <span class='ocrx_word' id='word_1_265' title='bbox 924 3859 998 3912; x_wconf 87' lang='lat' dir='ltr'>enirn</span> <span class='ocrx_word' id='word_1_266' title='bbox 1016 3871 1098 3926; x_wconf 83' lang='lat' dir='ltr'>saepe</span> <span class='ocrx_word' id='word_1_267' title='bbox 1120 3871 1186 3922; x_wconf 84' lang='lat' dir='ltr'>pro-</span> 
     </span>
     <span class='ocr_line' id='line_1_35' title="bbox 98 3927 1230 4000; baseline 0.004 -24"><span class='ocrx_word' id='word_1_268' title='bbox 98 3934 159 3992; x_wconf 83' lang='lat' dir='ltr'>pter</span> <span class='ocrx_word' id='word_1_269' title='bbox 178 3927 247 3978; x_wconf 78' lang='lat' dir='ltr'>festa</span> <span class='ocrx_word' id='word_1_270' title='bbox 268 3938 296 3980; x_wconf 87' lang='lat' dir='ltr'>et</span> <span class='ocrx_word' id='word_1_271' title='bbox 319 3931 452 3982; x_wconf 85' lang='lat' dir='ltr'>sacrificia</span> <span class='ocrx_word' id='word_1_272' title='bbox 476 3932 505 3983; x_wconf 93' lang='lat' dir='ltr'>in</span> <span class='ocrx_word' id='word_1_273' title='bbox 534 3929 674 4000; x_wconf 89' lang='lat' dir='ltr'>publicum</span> <span class='ocrx_word' id='word_1_274' title='bbox 703 3932 842 4000; x_wconf 87' lang='lat' dir='ltr'>prodiret,</span> <span class='ocrx_word' id='word_1_275' title='bbox 867 3931 1051 3999; x_wconf 86' lang='lat' dir='ltr'>omnibusque</span> <span class='ocrx_word' id='word_1_276' title='bbox 1082 3940 1187 3975; x_wconf 79' lang='lat' dir='ltr'>comem</span> <span class='ocrx_word' id='word_1_277' title='bbox 1227 3967 1230 3972; x_wconf 88' lang='lat'>-</span> 
     </span>
     <span class='ocr_line' id='line_1_36' title="bbox 99 3994 1186 4072; baseline 0.004 -26"><span class='ocrx_word' id='word_1_278' title='bbox 99 4004 126 4047; x_wconf 83' lang='lat' dir='ltr'>et</span> <span class='ocrx_word' id='word_1_279' title='bbox 143 3998 284 4051; x_wconf 79' lang='lat' dir='ltr'>all&#39;abilem</span> <span class='ocrx_word' id='word_1_280' title='bbox 301 4016 330 4051; x_wconf 89' lang='lat' dir='ltr'>se</span> <span class='ocrx_word' id='word_1_281' title='bbox 350 4001 510 4070; x_wconf 83' lang='lat' dir='ltr'>praeberet,</span> <span class='ocrx_word' id='word_1_282' title='bbox 534 4001 656 4072; x_wconf 87' lang='lat' dir='ltr'>quilibet</span> <span class='ocrx_word' id='word_1_283' title='bbox 679 4018 742 4053; x_wconf 88' lang='lat' dir='ltr'>eum</span> <span class='ocrx_word' id='word_1_284' title='bbox 766 4003 879 4072; x_wconf 76' lang='lat' dir='ltr'>adloqui</span> <span class='ocrx_word' id='word_1_285' title='bbox 897 4007 1013 4069; x_wconf 85' lang='lat' dir='ltr'>poterat.</span> <span class='ocrx_word' id='word_1_286' title='bbox 1050 3994 1103 4049; x_wconf 85' lang='lat' dir='ltr'>lile</span> <span class='ocrx_word' id='word_1_287' title='bbox 1122 4009 1186 4045; x_wconf 80' lang='lat' dir='ltr'>vero</span> 
     </span>
     <span class='ocr_line' id='line_1_37' title="bbox 99 4063 1188 4189; baseline 0.009 -74"><span class='ocrx_word' id='word_1_288' title='bbox 99 4063 285 4189; x_wconf 74' lang='lat' dir='ltr'>inprpborum</span> <span class='ocrx_word' id='word_1_289' title='bbox 321 4071 467 4125; x_wconf 84' lang='lat' dir='ltr'>maledieta</span> <span class='ocrx_word' id='word_1_290' title='bbox 502 4080 531 4125; x_wconf 91' lang='lat' dir='ltr'>et</span> <span class='ocrx_word' id='word_1_291' title='bbox 565 4072 785 4142; x_wconf 75' lang='lat' dir='ltr'>indignationem</span> <span class='ocrx_word' id='word_1_292' title='bbox 816 4073 929 4125; x_wconf 87' lang='lat' dir='ltr'>minime</span> <span class='ocrx_word' id='word_1_293' title='bbox 961 4064 1100 4122; x_wconf 63' lang='lat' dir='ltr'>sentiebat</span> <span class='ocrx_word' id='word_1_294' title='bbox 1139 4072 1188 4116; x_wconf 65' lang='lat' dir='ltr'>aut</span> 
     </span>
     <span class='ocr_line' id='line_1_38' title="bbox 99 4145 223 4196; baseline 0.032 -10"><span class='ocrx_word' id='word_1_295' title='bbox 99 4150 160 4188; x_wconf 82' lang='lat' dir='ltr'>cura</span> <span class='ocrx_word' id='word_1_296' title='bbox 184 4145 223 4196; x_wconf 85' lang='lat' dir='ltr'>at.</span> 
     </span>
     <span class='ocr_line' id='line_1_39' title="bbox 164 4202 1188 4282; baseline 0.01 -21"><span class='ocrx_word' id='word_1_297' title='bbox 164 4209 191 4261; x_wconf 84' lang='grc' dir='ltr'>ό.</span> <span class='ocrx_word' id='word_1_298' title='bbox 229 4208 380 4275; x_wconf 84' lang='lat' dir='ltr'>Salustius,</span> <span class='ocrx_word' id='word_1_299' title='bbox 403 4212 483 4266; x_wconf 87' lang='lat' dir='ltr'>aulae</span> <span class='ocrx_word' id='word_1_300' title='bbox 509 4211 662 4282; x_wconf 83' lang='lat' dir='ltr'>praefectus</span> <span class='ocrx_word' id='word_1_301' title='bbox 698 4209 749 4264; x_wconf 91' lang='lat' dir='ltr'>sub</span> <span class='ocrx_word' id='word_1_302' title='bbox 781 4212 906 4274; x_wconf 85' lang='lat' dir='ltr'>Iuliano,</span> <span class='ocrx_word' id='word_1_303' title='bbox 929 4209 972 4261; x_wconf 84' lang='lat' dir='ltr'>vir</span> <span class='ocrx_word' id='word_1_304' title='bbox 1005 4205 1060 4258; x_wconf 83' lang='lat' dir='ltr'>fuit</span> <span class='ocrx_word' id='word_1_305' title='bbox 1086 4202 1188 4270; x_wconf 60' lang='lat' dir='ltr'>imiimi</span> 
     </span>
     <span class='ocr_line' id='line_1_40' title="bbox 99 4272 1188 4354; baseline 0.001 -25"><span class='ocrx_word' id='word_1_306' title='bbox 99 4281 126 4326; x_wconf 78' lang='lat' dir='ltr'>et</span> <span class='ocrx_word' id='word_1_307' title='bbox 151 4279 253 4331; x_wconf 77' lang='lat' dir='ltr'>eximia</span> <span class='ocrx_word' id='word_1_308' title='bbox 279 4280 451 4336; x_wconf 82' lang='lat' dir='ltr'>humanitate</span> <span class='ocrx_word' id='word_1_309' title='bbox 480 4283 637 4352; x_wconf 82' lang='lat' dir='ltr'>praeditus,</span> <span class='ocrx_word' id='word_1_310' title='bbox 671 4283 720 4354; x_wconf 88' lang='lat' dir='ltr'>qui</span> <span class='ocrx_word' id='word_1_311' title='bbox 745 4281 815 4335; x_wconf 87' lang='lat' dir='ltr'>adeo</span> <span class='ocrx_word' id='word_1_312' title='bbox 848 4286 1005 4335; x_wconf 86' lang='lat' dir='ltr'>mansuetus</span> <span class='ocrx_word' id='word_1_313' title='bbox 1036 4284 1065 4328; x_wconf 91' lang='lat' dir='ltr'>et</span> <span class='ocrx_word' id='word_1_314' title='bbox 1105 4272 1188 4327; x_wconf 82' lang='lat' dir='ltr'>boui·</span> 
     </span>
     <span class='ocr_line' id='line_1_41' title="bbox 134 4347 1188 4421; baseline 0.013 -24"><span class='ocrx_word' id='word_1_315' title='bbox 134 4366 165 4399; x_wconf 92' lang='lat' dir='ltr'>us</span> <span class='ocrx_word' id='word_1_316' title='bbox 192 4363 256 4418; x_wconf 80' lang='lat' dir='ltr'>erga</span> <span class='ocrx_word' id='word_1_317' title='bbox 286 4370 380 4409; x_wconf 84' lang='lat' dir='ltr'>ornnes</span> <span class='ocrx_word' id='word_1_318' title='bbox 414 4353 483 4415; x_wconf 83' lang='lat' dir='ltr'>suit,</span> <span class='ocrx_word' id='word_1_319' title='bbox 517 4363 547 4405; x_wconf 91' lang='lat' dir='ltr'>ut</span> <span class='ocrx_word' id='word_1_320' title='bbox 565 4353 724 4405; x_wconf 84' lang='lat' dir='ltr'>Marcellum</span> <span class='ocrx_word' id='word_1_321' title='bbox 757 4353 850 4416; x_wconf 87' lang='lat' dir='ltr'>illum,</span> <span class='ocrx_word' id='word_1_322' title='bbox 879 4351 927 4421; x_wconf 74' lang='lat' dir='ltr'>qui</span> <span class='ocrx_word' id='word_1_323' title='bbox 962 4347 1035 4419; x_wconf 78' lang='grc' dir='ltr'><strong>((1ῠο</strong></span> <span class='ocrx_word' id='word_1_324' title='bbox 1064 4353 1188 4415; x_wconf 58' lang='lat' dir='ltr'>lemtim</span> 
     </span>
     <span class='ocr_line' id='line_1_42' title="bbox 121 4417 1188 4496; baseline 0.003 -24"><span class='ocrx_word' id='word_1_325' title='bbox 121 4432 197 4473; x_wconf 71' lang='lat' dir='ltr'>teser</span> <span class='ocrx_word' id='word_1_326' title='bbox 222 4422 313 4492; x_wconf 84' lang='lat' dir='ltr'>ipsum</span> <span class='ocrx_word' id='word_1_327' title='bbox 339 4425 536 4479; x_wconf 80' lang='lat' dir='ltr'>contumeliose</span> <span class='ocrx_word' id='word_1_328' title='bbox 565 4425 708 4496; x_wconf 84' lang='lat' dir='ltr'>tractarat)</span> <span class='ocrx_word' id='word_1_329' title='bbox 726 4425 889 4495; x_wconf 83' lang='lat' dir='ltr'>perterritus</span> <span class='ocrx_word' id='word_1_330' title='bbox 918 4427 978 4476; x_wconf 80' lang='lat' dir='ltr'>erat</span> <span class='ocrx_word' id='word_1_331' title='bbox 1001 4417 1037 4473; x_wconf 89' lang='lat' dir='ltr'>ob</span> <span class='ocrx_word' id='word_1_332' title='bbox 1062 4433 1105 4470; x_wconf 78' lang='grc' dir='ltr'><strong><em>τοι</em></strong></span> <span class='ocrx_word' id='word_1_333' title='bbox 1123 4423 1188 4470; x_wconf 73' lang='lat' dir='ltr'>aule</span> 
     </span>
    </p>
   </div>
   <div class='ocr_carea' id='block_1_6' title="bbox 0 0 1366 5092">
    <p class='ocr_par' dir='ltr' id='par_1_8' title="bbox 0 0 1366 5092">
     <span class='ocr_line' id='line_1_43' title="bbox 0 0 1366 5092; baseline 0 1"><span class='ocrx_word' id='word_1_334' title='bbox 0 0 1366 5092; x_wconf 95' lang='lat' dir='ltr'> </span> 
     </span>
    </p>
   </div>
  </div>
 </body>
</html>
