<?xml version="1.0" encoding="UTF-8"?>
<!DOCTYPE html PUBLIC "-//W3C//DTD XHTML 1.0 Transitional//EN"
    "http://www.w3.org/TR/xhtml1/DTD/xhtml1-transitional.dtd">
<html xmlns="http://www.w3.org/1999/xhtml" xml:lang="en" lang="en">
 <head>
  <title>
</title>
<meta http-equiv="Content-Type" content="text/html;charset=utf-8" />
  <meta name='ocr-system' content='tesseract 3.04.00' />
  <meta name='ocr-capabilities' content='ocr_page ocr_carea ocr_par ocr_line ocrx_word'/>
</head>
<body>
  <div class='ocr_page' id='page_1' title='image "./dexippieunapiip00malcgoog_0031.png"; bbox 0 0 2716 5078; ppageno 0'>
   <div class='ocr_carea' id='block_1_1' title="bbox 198 234 863 325">
    <p class='ocr_par' dir='ltr' id='par_1_1' title="bbox 198 234 863 325">
     <span class='ocr_line' id='line_1_1' title="bbox 198 234 863 325; baseline -0.002 -2"><span class='ocrx_word' id='word_1_1' title='bbox 198 262 323 325; x_wconf 77' lang='lat' dir='ltr'>suun</span> <span class='ocrx_word' id='word_1_2' title='bbox 405 248 408 252; x_wconf 82' lang='grc'><strong>’</strong></span> <span class='ocrx_word' id='word_1_3' title='bbox 556 234 559 241; x_wconf 74' lang='grc'><strong><em>’</em></strong></span> <span class='ocrx_word' id='word_1_4' title='bbox 618 259 673 321; x_wconf 81' lang='lat' dir='ltr'>ns</span> <span class='ocrx_word' id='word_1_5' title='bbox 705 256 863 322; x_wconf 80' lang='lat' dir='ltr'>misso</span> 
     </span>
    </p>
   </div>
   <div class='ocr_carea' id='block_1_2' title="bbox 198 412 1282 902">
    <p class='ocr_par' dir='ltr' id='par_1_2' title="bbox 198 412 1282 902">
     <span class='ocr_line' id='line_1_2' title="bbox 258 412 1279 500; baseline -0.002 -22"><span class='ocrx_word' id='word_1_6' title='bbox 258 415 260 419; x_wconf 70' lang='grc'><strong>’</strong></span> <span class='ocrx_word' id='word_1_7' title='bbox 276 416 422 500; x_wconf 69' lang='lat' dir='ltr'>‘Panium</span> <span class='ocrx_word' id='word_1_8' title='bbox 441 412 524 488; x_wconf 85' lang='lat' dir='ltr'>unde</span> <span class='ocrx_word' id='word_1_9' title='bbox 540 413 720 489; x_wconf 61' lang='lat' dir='ltr'>PRISCU&amp;</span> <span class='ocrx_word' id='word_1_10' title='bbox 735 437 826 500; x_wconf 84' lang='lat' dir='ltr'>quem</span> <span class='ocrx_word' id='word_1_11' title='bbox 848 418 899 480; x_wconf 79' lang='lat' dir='ltr'>elii</span> <span class='ocrx_word' id='word_1_12' title='bbox 914 421 1024 479; x_wconf 79' lang='lat' dir='ltr'>:minus</span> <span class='ocrx_word' id='word_1_13' title='bbox 1042 412 1279 489; x_wconf 79' lang='lat' dir='ltr'>delinite‘l&#39;hra·</span> 
     </span>
     <span class='ocr_line' id='line_1_3' title="bbox 198 508 1278 600; baseline -0.007 -18"><span class='ocrx_word' id='word_1_14' title='bbox 198 534 269 582; x_wconf 78' lang='lat' dir='ltr'>&#39;cem</span> <span class='ocrx_word' id='word_1_15' title='bbox 290 508 585 593; x_wconf 73' lang='lat' dir='ltr'>vocant⁴⁸),Panita</span> <span class='ocrx_word' id='word_1_16' title='bbox 608 516 737 590; x_wconf 88' lang='lat' dir='ltr'>dicitnr,</span> <span class='ocrx_word' id='word_1_17' title='bbox 756 518 902 600; x_wconf 90' lang='lat' dir='ltr'>oppidum</span> <span class='ocrx_word' id='word_1_18' title='bbox 929 529 995 580; x_wconf 85' lang='lat' dir='ltr'>erat</span> <span class='ocrx_word' id='word_1_19' title='bbox 1007 519 1167 598; x_wconf 76' lang='lat' dir='ltr'>Europae,</span> <span class='ocrx_word' id='word_1_20' title='bbox 1185 516 1278 575; x_wconf 80' lang='lat' dir='ltr'>unius</span> 
     </span>
     <span class='ocr_line' id='line_1_4' title="bbox 201 612 1282 702; baseline -0.003 -25"><span class='ocrx_word' id='word_1_21' title='bbox 201 638 222 677; x_wconf 88' lang='lat' dir='ltr'>e</span> <span class='ocrx_word' id='word_1_22' title='bbox 240 637 288 677; x_wconf 79' lang='lat' dir='ltr'>seu</span> <span class='ocrx_word' id='word_1_23' title='bbox 308 617 471 698; x_wconf 77' lang='lat' dir='ltr'>provinciis</span> <span class='ocrx_word' id='word_1_24' title='bbox 487 614 654 676; x_wconf 82' lang='lat' dir='ltr'>dioeceseos</span> <span class='ocrx_word' id='word_1_25' title='bbox 667 616 830 691; x_wconf 78' lang='lat' dir='ltr'>Thraciae,</span> <span class='ocrx_word' id='word_1_26' title='bbox 853 641 930 702; x_wconf 86' lang='lat' dir='ltr'>quae</span> <span class='ocrx_word' id='word_1_27' title='bbox 945 612 1166 679; x_wconf 74' lang='lat' dir='ltr'>Chersonesum</span> <span class='ocrx_word' id='word_1_28' title='bbox 1184 616 1282 676; x_wconf 84' lang='lat' dir='ltr'>couti·</span> 
     </span>
     <span class='ocr_line' id='line_1_5' title="bbox 204 714 1282 798; baseline -0.004 -22"><span class='ocrx_word' id='word_1_29' title='bbox 204 714 305 789; x_wconf 85' lang='lat' dir='ltr'>nebat,</span> <span class='ocrx_word' id='word_1_30' title='bbox 323 727 413 798; x_wconf 81' lang='lat' dir='ltr'>atque</span> <span class='ocrx_word' id='word_1_31' title='bbox 431 716 462 775; x_wconf 91' lang='lat' dir='ltr'>in</span> <span class='ocrx_word' id='word_1_32' title='bbox 481 715 674 797; x_wconf 74' lang='lat' dir='ltr'>Propontidis</span> <span class='ocrx_word' id='word_1_33' title='bbox 697 738 751 776; x_wconf 86' lang='lat' dir='ltr'>ora</span> <span class='ocrx_word' id='word_1_34' title='bbox 775 720 854 779; x_wconf 86' lang='lat' dir='ltr'>inter</span> <span class='ocrx_word' id='word_1_35' title='bbox 873 719 1064 795; x_wconf 78' lang='lat' dir='ltr'><strong>Heracleam,</strong></span> <span class='ocrx_word' id='word_1_36' title='bbox 1085 716 1158 776; x_wconf 90' lang='lat' dir='ltr'>olim</span> <span class='ocrx_word' id='word_1_37' title='bbox 1173 716 1282 776; x_wconf 84' lang='lat' dir='ltr'>Perin-</span> 
     </span>
     <span class='ocr_line' id='line_1_6' title="bbox 199 812 1281 902; baseline -0.002 -28"><span class='ocrx_word' id='word_1_38' title='bbox 199 815 309 887; x_wconf 76' lang='lat' dir='ltr'>thum,</span> <span class='ocrx_word' id='word_1_39' title='bbox 329 817 502 897; x_wconf 84' lang='lat' dir='ltr'>provinciae</span> <span class='ocrx_word' id='word_1_40' title='bbox 516 816 719 896; x_wconf 79' lang='lat' dir='ltr'>metropolim,</span> <span class='ocrx_word' id='word_1_41' title='bbox 733 828 764 877; x_wconf 85' lang='lat' dir='ltr'>et</span> <span class='ocrx_word' id='word_1_42' title='bbox 786 818 986 902; x_wconf 77' lang='lat' dir='ltr'>selymbriam</span> <span class='ocrx_word' id='word_1_43' title='bbox 998 812 1281 889; x_wconf 72' lang='lat' dir='ltr'>terminabatur⁸⁹l=</span> 
     </span>
    </p>
   </div>
   <div class='ocr_carea' id='block_1_3' title="bbox 79 912 1284 1000">
    <p class='ocr_par' dir='ltr' id='par_1_3' title="bbox 79 912 1284 1000">
     <span class='ocr_line' id='line_1_7' title="bbox 79 912 1284 1000; baseline -0.005 -23"><span class='ocrx_word' id='word_1_44' title='bbox 79 965 85 977; x_wconf 74' lang='grc'><em>,</em></span> <span class='ocrx_word' id='word_1_45' title='bbox 204 914 343 991; x_wconf 79' lang='lat' dir='ltr'>incertis,</span> <span class='ocrx_word' id='word_1_46' title='bbox 366 912 419 975; x_wconf 90' lang='lat' dir='ltr'>ubi</span> <span class='ocrx_word' id='word_1_47' title='bbox 446 914 477 974; x_wconf 92' lang='lat' dir='ltr'>in</span> <span class='ocrx_word' id='word_1_48' title='bbox 500 914 718 975; x_wconf 80' lang='lat' dir='ltr'>mediterranea</span> <span class='ocrx_word' id='word_1_49' title='bbox 746 918 975 1000; x_wconf 68' lang='lat' dir='ltr'>porrigebatur,</span> <span class='ocrx_word' id='word_1_50' title='bbox 998 915 1128 990; x_wconf 71' lang='lat' dir='ltr'>finibus,</span> <span class='ocrx_word' id='word_1_51' title='bbox 1148 912 1284 989; x_wconf 83' lang='lat' dir='ltr'>Aenum,</span> 
     </span>
    </p>
   </div>
   <div class='ocr_carea' id='block_1_4' title="bbox 149 1012 1290 1541">
    <p class='ocr_par' dir='ltr' id='par_1_4' title="bbox 149 1012 1290 1496">
     <span class='ocr_line' id='line_1_8' title="bbox 205 1012 1286 1101; baseline -0.002 -29"><span class='ocrx_word' id='word_1_52' title='bbox 205 1033 342 1094; x_wconf 82' lang='lat' dir='ltr'>quaeque</span> <span class='ocrx_word' id='word_1_53' title='bbox 356 1013 396 1074; x_wconf 90' lang='lat' dir='ltr'>ab</span> <span class='ocrx_word' id='word_1_54' title='bbox 413 1013 465 1074; x_wconf 85' lang='lat' dir='ltr'>illa</span> <span class='ocrx_word' id='word_1_55' title='bbox 474 1034 578 1075; x_wconf 84' lang='lat' dir='ltr'>versus</span> <span class='ocrx_word' id='word_1_56' title='bbox 595 1015 780 1076; x_wconf 85' lang='lat' dir='ltr'>occidentem</span> <span class='ocrx_word' id='word_1_57' title='bbox 796 1014 1033 1101; x_wconf 83' lang='lat' dir='ltr'>iacent-oppida,</span> <span class='ocrx_word' id='word_1_58' title='bbox 1054 1013 1092 1075; x_wconf 92' lang='lat' dir='ltr'>ad</span> <span class='ocrx_word' id='word_1_59' title='bbox 1105 1012 1286 1093; x_wconf 86' lang='lat' dir='ltr'>Rhodopam</span> 
     </span>
     <span class='ocr_line' id='line_1_9' title="bbox 201 1107 1286 1196; baseline -0.001 -25"><span class='ocrx_word' id='word_1_60' title='bbox 201 1114 391 1193; x_wconf 79' lang='lat' dir='ltr'>provinciam</span> <span class='ocrx_word' id='word_1_61' title='bbox 424 1107 604 1195; x_wconf 33' lang='lat' dir='ltr'>pertinuisse*</span> <span class='ocrx_word' id='word_1_62' title='bbox 639 1127 827 1196; x_wconf 83' lang='lat' dir='ltr'>compertum</span> <span class='ocrx_word' id='word_1_63' title='bbox 842 1129 843 1132; x_wconf 76' lang='grc'>’</span> <span class='ocrx_word' id='word_1_64' title='bbox 859 1128 914 1178; x_wconf 84' lang='lat' dir='ltr'>est.</span> <span class='ocrx_word' id='word_1_65' title='bbox 958 1118 1087 1179; x_wconf 86' lang='lat' dir='ltr'>Panium</span> <span class='ocrx_word' id='word_1_66' title='bbox 1126 1115 1226 1194; x_wconf 87' lang='lat' dir='ltr'>ipsum</span> <span class='ocrx_word' id='word_1_67' title='bbox 1252 1113 1286 1170; x_wconf 88' lang='lat' dir='ltr'>in</span> 
     </span>
     <span class='ocr_line' id='line_1_10' title="bbox 149 1209 1288 1296; baseline -0.005 -22"><span class='ocrx_word' id='word_1_68' title='bbox 149 1271 151 1274; x_wconf 12' lang='grc' dir='ltr'><em>Α</em></span> <span class='ocrx_word' id='word_1_69' title='bbox 207 1209 309 1271; x_wconf 88' lang='lat' dir='ltr'>littore</span> <span class='ocrx_word' id='word_1_70' title='bbox 317 1212 530 1293; x_wconf 84' lang='lat' dir='ltr'>(Propontidis)</span> <span class='ocrx_word' id='word_1_71' title='bbox 545 1214 831 1296; x_wconf 83' lang='lat' dir='ltr'>propelleracleam</span> <span class='ocrx_word' id='word_1_72' title='bbox 843 1215 1065 1295; x_wconf 85' lang='lat' dir='ltr'>(Perinthum),</span> <span class='ocrx_word' id='word_1_73' title='bbox 1088 1214 1190 1294; x_wconf 85' lang='lat' dir='ltr'>itaque</span> <span class='ocrx_word' id='word_1_74' title='bbox 1209 1211 1288 1269; x_wconf 87' lang='lat' dir='ltr'>inter</span> 
     </span>
     <span class='ocr_line' id='line_1_11' title="bbox 203 1306 1290 1390; baseline -0.003 -19.992"><span class='ocrx_word' id='word_1_75' title='bbox 203 1309 305 1382; x_wconf 86' lang='lat' dir='ltr'>illam</span> <span class='ocrx_word' id='word_1_76' title='bbox 322 1321 365 1372; x_wconf 90' lang='lat' dir='ltr'>et</span> <span class='ocrx_word' id='word_1_77' title='bbox 374 1311 600 1374; x_wconf 78' lang='lat' dir='ltr'>Blraedcstum</span> <span class='ocrx_word' id='word_1_78' title='bbox 599 1316 702 1378; x_wconf 88' lang='lat' dir='ltr'>situm</span> <span class='ocrx_word' id='word_1_79' title='bbox 733 1315 840 1388; x_wconf 84' lang='lat' dir='ltr'>fuisse,</span> <span class='ocrx_word' id='word_1_80' title='bbox 878 1316 1003 1377; x_wconf 83' lang='lat' dir='ltr'>Snidas</span> <span class='ocrx_word' id='word_1_81' title='bbox 1016 1314 1103 1374; x_wconf 85' lang='lat' dir='ltr'>docet</span> <span class='ocrx_word' id='word_1_82' title='bbox 1115 1313 1174 1389; x_wconf 69' lang='lat'>⁴⁰)</span> <span class='ocrx_word' id='word_1_83' title='bbox 1207 1306 1290 1390; x_wconf 89' lang='lat' dir='ltr'>apud</span> 
     </span>
     <span class='ocr_line' id='line_1_12' title="bbox 208 1410 1290 1541; baseline 0 -72"><span class='ocrx_word' id='word_1_84' title='bbox 208 1410 403 1493; x_wconf 80' lang='lat' dir='ltr'>Gcogiapbos</span> <span class='ocrx_word' id='word_1_85' title='bbox 417 1422 553 1490; x_wconf 87' lang='lat' dir='ltr'>veteres,</span> <span class='ocrx_word' id='word_1_86' title='bbox 576 1414 731 1496; x_wconf 86' lang='lat' dir='ltr'>ipsumque</span> <span class='ocrx_word' id='word_1_87' title='bbox 756 1413 983 1541; x_wconf 80' lang='lat' dir='ltr'>Ptolemaeum,</span> <span class='ocrx_word' id='word_1_88' title='bbox 1009 1414 1075 1474; x_wconf 81' lang='lat' dir='ltr'>eius</span> <span class='ocrx_word' id='word_1_89' title='bbox 1105 1411 1290 1472; x_wconf 83' lang='lat' dir='ltr'>mentionem</span> 
     </span>
    </p>
   </div>
   <div class='ocr_carea' id='block_1_5' title="bbox 110 1506 487 1591">
    <p class='ocr_par' dir='ltr' id='par_1_5' title="bbox 110 1506 487 1591">
     <span class='ocr_line' id='line_1_13' title="bbox 110 1506 487 1591; baseline -0.005 -18"><span class='ocrx_word' id='word_1_90' title='bbox 110 1565 114 1573; x_wconf 81' lang='grc'><strong>,</strong></span> <span class='ocrx_word' id='word_1_91' title='bbox 206 1506 320 1571; x_wconf 77' lang='lat' dir='ltr'>frustm</span> <span class='ocrx_word' id='word_1_92' title='bbox 341 1512 487 1591; x_wconf 84' lang='lat' dir='ltr'>quaesivi.</span> 
     </span>
    </p>
   </div>
   <div class='ocr_carea' id='block_1_6' title="bbox 202 1609 1299 2487">
    <p class='ocr_par' dir='ltr' id='par_1_6' title="bbox 202 1609 1299 2487">
     <span class='ocr_line' id='line_1_14' title="bbox 291 1609 1290 1697; baseline -0.002 -27"><span class='ocrx_word' id='word_1_93' title='bbox 291 1610 435 1686; x_wconf 86' lang='lat' dir='ltr'>Priscus,</span> <span class='ocrx_word' id='word_1_94' title='bbox 457 1621 534 1672; x_wconf 87' lang='lat' dir='ltr'>teste</span> <span class='ocrx_word' id='word_1_95' title='bbox 552 1612 715 1692; x_wconf 83' lang='lat' dir='ltr'>Suida⁴¹),</span> <span class='ocrx_word' id='word_1_96' title='bbox 733 1612 771 1674; x_wconf 87' lang='lat' dir='ltr'>de</span> <span class='ocrx_word' id='word_1_97' title='bbox 791 1614 917 1675; x_wconf 89' lang='lat' dir='ltr'>historia</span> <span class='ocrx_word' id='word_1_98' title='bbox 931 1613 1117 1697; x_wconf 85' lang='lat' dir='ltr'>Byzantina,</span> <span class='ocrx_word' id='word_1_99' title='bbox 1138 1609 1290 1690; x_wconf 83' lang='lat' dir='ltr'>rebusque</span> 
     </span>
     <span class='ocr_line' id='line_1_15' title="bbox 211 1704 1291 1793; baseline -0.002 -25"><span class='ocrx_word' id='word_1_100' title='bbox 211 1706 323 1769; x_wconf 76' lang='lat' dir='ltr'>Attilae</span> <span class='ocrx_word' id='word_1_101' title='bbox 333 1708 371 1786; x_wconf 75' lang='grc'>44)</span> <span class='ocrx_word' id='word_1_102' title='bbox 389 1704 543 1792; x_wconf 75' lang='grc' dir='ltr'>(ἱστορίαν</span> <span class='ocrx_word' id='word_1_103' title='bbox 557 1707 752 1791; x_wconf 64' lang='lat' dir='ltr'>trecentula</span> <span class='ocrx_word' id='word_1_104' title='bbox 766 1720 818 1772; x_wconf 83' lang='grc' dir='ltr'>κἀι</span> <span class='ocrx_word' id='word_1_105' title='bbox 814 1708 890 1793; x_wconf 80' lang='lat' dir='ltr'>(rc)</span> <span class='ocrx_word' id='word_1_106' title='bbox 898 1732 976 1773; x_wconf 83' lang='grc' dir='ltr'><strong><em>κατα</em></strong></span> <span class='ocrx_word' id='word_1_107' title='bbox 990 1705 1157 1792; x_wconf 56' lang='lat' dir='ltr'>hindana)</span> <span class='ocrx_word' id='word_1_108' title='bbox 1173 1711 1242 1768; x_wconf 89' lang='lat' dir='ltr'>octo</span> <span class='ocrx_word' id='word_1_109' title='bbox 1253 1707 1291 1767; x_wconf 92' lang='lat' dir='ltr'>li-</span> 
     </span>
     <span class='ocr_line' id='line_1_16' title="bbox 210 1806 1294 1893; baseline -0.001 -26"><span class='ocrx_word' id='word_1_110' title='bbox 210 1806 286 1868; x_wconf 85' lang='lat' dir='ltr'>bros</span> <span class='ocrx_word' id='word_1_111' title='bbox 298 1810 416 1890; x_wconf 79' lang='lat' dir='ltr'>scripsit</span> <span class='ocrx_word' id='word_1_112' title='bbox 429 1830 438 1886; x_wconf 85' lang='lat'>3</span> <span class='ocrx_word' id='word_1_113' title='bbox 460 1831 537 1891; x_wconf 88' lang='lat' dir='ltr'>quae</span> <span class='ocrx_word' id='word_1_114' title='bbox 551 1810 644 1872; x_wconf 88' lang='lat' dir='ltr'>verba</span> <span class='ocrx_word' id='word_1_115' title='bbox 661 1815 865 1893; x_wconf 82' lang='lat' dir='ltr'>quaestionem</span> <span class='ocrx_word' id='word_1_116' title='bbox 880 1820 1041 1872; x_wconf 86' lang='lat' dir='ltr'>moverunt</span> <span class='ocrx_word' id='word_1_117' title='bbox 1052 1811 1243 1892; x_wconf 83' lang='lat' dir='ltr'>geminumne</span> <span class='ocrx_word' id='word_1_118' title='bbox 1253 1828 1294 1866; x_wconf 90' lang='lat' dir='ltr'>an</span> 
     </span>
     <span class='ocr_line' id='line_1_17' title="bbox 211 1897 1292 1991; baseline 0 -25"><span class='ocrx_word' id='word_1_119' title='bbox 211 1906 339 1990; x_wconf 27' lang='lat' dir='ltr'>simplex,</span> <span class='ocrx_word' id='word_1_120' title='bbox 351 1909 441 1969; x_wconf 85' lang='lat' dir='ltr'>firerit</span> <span class='ocrx_word' id='word_1_121' title='bbox 460 1930 555 1990; x_wconf 72' lang='lat' dir='ltr'>opus,</span> <span class='ocrx_word' id='word_1_122' title='bbox 578 1910 790 1991; x_wconf 84' lang='lat' dir='ltr'>equidemnon</span> <span class='ocrx_word' id='word_1_123' title='bbox 805 1911 911 1971; x_wconf 87' lang='lat' dir='ltr'>dubito</span> <span class='ocrx_word' id='word_1_124' title='bbox 928 1931 1022 1971; x_wconf 88' lang='lat' dir='ltr'>unum</span> <span class='ocrx_word' id='word_1_125' title='bbox 1039 1897 1139 1970; x_wconf 83' lang='lat' dir='ltr'>firisse.</span> <span class='ocrx_word' id='word_1_126' title='bbox 1171 1906 1292 1967; x_wconf 77' lang='lat' dir='ltr'>Verum</span> 
     </span>
     <span class='ocr_line' id='line_1_18' title="bbox 212 2005 1293 2091; baseline 0 -25"><span class='ocrx_word' id='word_1_127' title='bbox 212 2008 336 2067; x_wconf 82' lang='lat' dir='ltr'>etsidno</span> <span class='ocrx_word' id='word_1_128' title='bbox 352 2007 695 2091; x_wconf 60' lang='lat' dir='ltr'>ruminandumque</span> <span class='ocrx_word' id='word_1_129' title='bbox 713 2021 793 2073; x_wconf 88' lang='lat' dir='ltr'>certe</span> <span class='ocrx_word' id='word_1_130' title='bbox 806 2013 990 2091; x_wconf 79' lang='lat' dir='ltr'>pertinerent</span> <span class='ocrx_word' id='word_1_131' title='bbox 1005 2007 1125 2091; x_wconf 81' lang='lat' dir='ltr'>eclogae</span> <span class='ocrx_word' id='word_1_132' title='bbox 1136 2007 1175 2067; x_wconf 91' lang='lat' dir='ltr'>de</span> <span class='ocrx_word' id='word_1_133' title='bbox 1185 2005 1293 2087; x_wconf 87' lang='lat' dir='ltr'>legati-</span> 
     </span>
     <span class='ocr_line' id='line_1_19' title="bbox 203 2104 1295 2191; baseline -0.007 -18"><span class='ocrx_word' id='word_1_134' title='bbox 203 2107 332 2181; x_wconf 69' lang='lat' dir='ltr'>onibus,</span> <span class='ocrx_word' id='word_1_135' title='bbox 347 2129 478 2190; x_wconf 86' lang='lat' dir='ltr'>quorum</span> <span class='ocrx_word' id='word_1_136' title='bbox 496 2111 721 2191; x_wconf 83' lang='lat' dir='ltr'>inscriptionem</span> <span class='ocrx_word' id='word_1_137' title='bbox 740 2112 878 2171; x_wconf 69' lang='lat' dir='ltr'>histonbc</span> <span class='ocrx_word' id='word_1_138' title='bbox 892 2110 1032 2171; x_wconf 74' lang='lat' dir='ltr'>Gotltr&#39;cac</span> <span class='ocrx_word' id='word_1_139' title='bbox 1043 2110 1172 2168; x_wconf 86' lang='lat' dir='ltr'>retinere</span> <span class='ocrx_word' id='word_1_140' title='bbox 1188 2104 1295 2165; x_wconf 78' lang='lat' dir='ltr'>debui:</span> 
     </span>
     <span class='ocr_line' id='line_1_20' title="bbox 212 2203 1296 2294; baseline -0.003 -27"><span class='ocrx_word' id='word_1_141' title='bbox 212 2227 303 2294; x_wconf 72' lang='lat' dir='ltr'>nemp</span> <span class='ocrx_word' id='word_1_142' title='bbox 326 2212 407 2268; x_wconf 86' lang='lat' dir='ltr'>enim</span> <span class='ocrx_word' id='word_1_143' title='bbox 433 2209 586 2270; x_wconf 82' lang='lat' dir='ltr'>dubitabit</span> <span class='ocrx_word' id='word_1_144' title='bbox 611 2211 751 2293; x_wconf 87' lang='lat' dir='ltr'>eclogarii</span> <span class='ocrx_word' id='word_1_145' title='bbox 778 2210 911 2270; x_wconf 88' lang='lat' dir='ltr'>codicem</span> <span class='ocrx_word' id='word_1_146' title='bbox 930 2210 972 2268; x_wconf 86' lang='lat' dir='ltr'>ita</span> <span class='ocrx_word' id='word_1_147' title='bbox 989 2207 1165 2287; x_wconf 84' lang='lat' dir='ltr'>inscriptum</span> <span class='ocrx_word' id='word_1_148' title='bbox 1191 2203 1296 2264; x_wconf 73' lang='lat' dir='ltr'>fuisse.</span> 
     </span>
     <span class='ocr_line' id='line_1_21' title="bbox 202 2302 1299 2391; baseline -0.004 -25"><span class='ocrx_word' id='word_1_149' title='bbox 202 2306 356 2387; x_wconf 75' lang='lat' dir='ltr'>Suspicor</span> <span class='ocrx_word' id='word_1_150' title='bbox 372 2319 496 2384; x_wconf 86' lang='lat' dir='ltr'>antem,</span> <span class='ocrx_word' id='word_1_151' title='bbox 519 2320 554 2368; x_wconf 90' lang='lat' dir='ltr'>ut</span> <span class='ocrx_word' id='word_1_152' title='bbox 576 2310 782 2391; x_wconf 87' lang='lat' dir='ltr'>Procopianac</span> <span class='ocrx_word' id='word_1_153' title='bbox 798 2309 961 2381; x_wconf 80' lang='lat' dir='ltr'>historiae,</span> <span class='ocrx_word' id='word_1_154' title='bbox 992 2310 1036 2366; x_wconf 87' lang='lat' dir='ltr'>ita</span> <span class='ocrx_word' id='word_1_155' title='bbox 1050 2305 1142 2366; x_wconf 88' lang='lat' dir='ltr'>huius</span> <span class='ocrx_word' id='word_1_156' title='bbox 1158 2302 1299 2386; x_wconf 81' lang='lat' dir='ltr'>partibus</span> 
     </span>
     <span class='ocr_line' id='line_1_22' title="bbox 215 2396 1298 2487; baseline -0.005 -21"><span class='ocrx_word' id='word_1_157' title='bbox 215 2406 350 2467; x_wconf 85' lang='lat' dir='ltr'>diversos</span> <span class='ocrx_word' id='word_1_158' title='bbox 378 2407 482 2468; x_wconf 88' lang='lat' dir='ltr'>titulos</span> <span class='ocrx_word' id='word_1_159' title='bbox 508 2408 596 2468; x_wconf 84' lang='lat' dir='ltr'>fuisse</span> <span class='ocrx_word' id='word_1_160' title='bbox 629 2407 764 2470; x_wconf 74' lang='lat' dir='ltr'>inditosz</span> <span class='ocrx_word' id='word_1_161' title='bbox 797 2407 888 2470; x_wconf 85' lang='lat' dir='ltr'>aliam</span> <span class='ocrx_word' id='word_1_162' title='bbox 921 2409 1096 2487; x_wconf 82' lang='lat' dir='ltr'>inscriptam</span> <span class='ocrx_word' id='word_1_163' title='bbox 1129 2404 1222 2464; x_wconf 84' lang='lat' dir='ltr'>fnisse</span> <span class='ocrx_word' id='word_1_164' title='bbox 1256 2396 1298 2463; x_wconf 83' lang='grc' dir='ltr'>τιὶ</span> 
     </span>
    </p>
   </div>
   <div class='ocr_carea' id='block_1_7' title="bbox 204 2499 1306 3187">
    <p class='ocr_par' dir='ltr' id='par_1_7' title="bbox 204 2499 1306 3187">
     <span class='ocr_line' id='line_1_23' title="bbox 216 2499 1301 2590; baseline -0.002 -25"><span class='ocrx_word' id='word_1_165' title='bbox 216 2499 298 2566; x_wconf 73' lang='grc' dir='ltr'>κατὰ</span> <span class='ocrx_word' id='word_1_166' title='bbox 321 2499 495 2586; x_wconf 77' lang='grc' dir='ltr'>Ἀττὴλαν,</span> <span class='ocrx_word' id='word_1_167' title='bbox 516 2505 607 2567; x_wconf 83' lang='lat' dir='ltr'>aliam</span> <span class='ocrx_word' id='word_1_168' title='bbox 631 2507 662 2569; x_wconf 93' lang='grc' dir='ltr'>Γ</span> <span class='ocrx_word' id='word_1_169' title='bbox 661 2504 807 2588; x_wconf 65' lang='lat' dir='ltr'>ardentia,</span> <span class='ocrx_word' id='word_1_170' title='bbox 832 2509 921 2590; x_wconf 88' lang='lat' dir='ltr'>idque</span> <span class='ocrx_word' id='word_1_171' title='bbox 943 2507 984 2568; x_wconf 89' lang='lat' dir='ltr'>ab</span> <span class='ocrx_word' id='word_1_172' title='bbox 1009 2505 1150 2587; x_wconf 75' lang='lat' dir='ltr'>imperito</span> <span class='ocrx_word' id='word_1_173' title='bbox 1175 2503 1301 2563; x_wconf 87' lang='lat' dir='ltr'>homine</span> 
     </span>
     <span class='ocr_line' id='line_1_24' title="bbox 217 2602 1302 2689; baseline -0.003 -25"><span class='ocrx_word' id='word_1_174' title='bbox 217 2604 256 2664; x_wconf 89' lang='lat' dir='ltr'>nd</span> <span class='ocrx_word' id='word_1_175' title='bbox 270 2607 446 2666; x_wconf 86' lang='lat' dir='ltr'>universum</span> <span class='ocrx_word' id='word_1_176' title='bbox 459 2627 535 2688; x_wconf 91' lang='lat' dir='ltr'>opus</span> <span class='ocrx_word' id='word_1_177' title='bbox 548 2607 729 2669; x_wconf 85' lang='lat' dir='ltr'>translatum</span> <span class='ocrx_word' id='word_1_178' title='bbox 751 2629 822 2669; x_wconf 74' lang='lat' dir='ltr'>esse.</span> <span class='ocrx_word' id='word_1_179' title='bbox 866 2607 973 2689; x_wconf 82' lang='lat' dir='ltr'>Aquo</span> <span class='ocrx_word' id='word_1_180' title='bbox 986 2618 1123 2687; x_wconf 87' lang='lat' dir='ltr'>tempore</span> <span class='ocrx_word' id='word_1_181' title='bbox 1143 2602 1302 2663; x_wconf 86' lang='lat' dir='ltr'>historiam</span> 
     </span>
     <span class='ocr_line' id='line_1_25' title="bbox 218 2704 1303 2790; baseline -0.003 -27"><span class='ocrx_word' id='word_1_182' title='bbox 218 2704 365 2786; x_wconf 84' lang='lat' dir='ltr'>inceperit</span> <span class='ocrx_word' id='word_1_183' title='bbox 387 2706 530 2783; x_wconf 87' lang='lat' dir='ltr'>Priscus,</span> <span class='ocrx_word' id='word_1_184' title='bbox 555 2707 688 2788; x_wconf 83' lang='lat' dir='ltr'>expediri</span> <span class='ocrx_word' id='word_1_185' title='bbox 714 2728 776 2769; x_wconf 90' lang='lat' dir='ltr'>non</span> <span class='ocrx_word' id='word_1_186' title='bbox 804 2719 918 2790; x_wconf 86' lang='lat' dir='ltr'>potest:</span> <span class='ocrx_word' id='word_1_187' title='bbox 942 2707 996 2767; x_wconf 88' lang='lat' dir='ltr'>sed</span> <span class='ocrx_word' id='word_1_188' title='bbox 1016 2704 1129 2764; x_wconf 88' lang='lat' dir='ltr'>nullius</span> <span class='ocrx_word' id='word_1_189' title='bbox 1152 2704 1197 2762; x_wconf 88' lang='lat' dir='ltr'>rei</span> <span class='ocrx_word' id='word_1_190' title='bbox 1223 2721 1303 2783; x_wconf 82' lang='lat' dir='ltr'>quac</span> 
     </span>
     <span class='ocr_line' id='line_1_26' title="bbox 204 2800 1301 2889; baseline 0.01 -26"><span class='ocrx_word' id='word_1_191' title='bbox 204 2815 290 2865; x_wconf 18' lang='lat' dir='ltr'>,ante</span> <span class='ocrx_word' id='word_1_192' title='bbox 313 2825 427 2866; x_wconf 87' lang='lat' dir='ltr'>annum</span> <span class='ocrx_word' id='word_1_193' title='bbox 444 2805 518 2884; x_wconf 79' lang='grc'>433.</span> <span class='ocrx_word' id='word_1_194' title='bbox 541 2818 623 2889; x_wconf 88' lang='lat' dir='ltr'>gesta</span> <span class='ocrx_word' id='word_1_195' title='bbox 642 2811 680 2869; x_wconf 92' lang='lat' dir='ltr'>sit</span> <span class='ocrx_word' id='word_1_196' title='bbox 704 2809 817 2869; x_wconf 88' lang='lat' dir='ltr'>mentio</span> <span class='ocrx_word' id='word_1_197' title='bbox 843 2828 879 2867; x_wconf 83' lang='lat' dir='ltr'>ex</span> <span class='ocrx_word' id='word_1_198' title='bbox 910 2828 947 2870; x_wconf 85' lang='lat' dir='ltr'>eo</span> <span class='ocrx_word' id='word_1_199' title='bbox 974 2805 1110 2866; x_wconf 80' lang='lat' dir='ltr'>affertur.</span> <span class='ocrx_word' id='word_1_200' title='bbox 1127 2824 1133 2835; x_wconf 75' lang='grc'><strong>’</strong></span> <span class='ocrx_word' id='word_1_201' title='bbox 1153 2800 1301 2883; x_wconf 65' lang='lat' dir='ltr'>Asparlss</span> 
     </span>
     <span class='ocr_line' id='line_1_27' title="bbox 218 2902 1303 2990; baseline -0.002 -28"><span class='ocrx_word' id='word_1_202' title='bbox 218 2902 408 2986; x_wconf 83' lang='lat' dir='ltr'>filiorumque</span> <span class='ocrx_word' id='word_1_203' title='bbox 426 2905 560 2984; x_wconf 88' lang='lat' dir='ltr'>caedem,</span> <span class='ocrx_word' id='word_1_204' title='bbox 572 2928 649 2989; x_wconf 89' lang='lat' dir='ltr'>qnae</span> <span class='ocrx_word' id='word_1_205' title='bbox 664 2929 692 2968; x_wconf 90' lang='lat' dir='ltr'>a.</span> <span class='ocrx_word' id='word_1_206' title='bbox 703 2905 775 2990; x_wconf 90' lang='grc' dir='ltr'>47ι.</span> <span class='ocrx_word' id='word_1_207' title='bbox 792 2907 902 2967; x_wconf 87' lang='lat' dir='ltr'>Leonis</span> <span class='ocrx_word' id='word_1_208' title='bbox 921 2906 999 2987; x_wconf 87' lang='lat' dir='ltr'>imp.</span> <span class='ocrx_word' id='word_1_209' title='bbox 1028 2904 1077 2966; x_wconf 82' lang='lat'>15·</span> <span class='ocrx_word' id='word_1_210' title='bbox 1097 2912 1216 2985; x_wconf 85' lang='lat' dir='ltr'>patrata</span> <span class='ocrx_word' id='word_1_211' title='bbox 1233 2910 1303 2975; x_wconf 87' lang='lat' dir='ltr'>cst,</span> 
     </span>
     <span class='ocr_line' id='line_1_28' title="bbox 206 3001 1302 3088; baseline -0.003 -26"><span class='ocrx_word' id='word_1_212' title='bbox 206 3024 240 3062; x_wconf 80' lang='lat' dir='ltr'>a</span> <span class='ocrx_word' id='word_1_213' title='bbox 258 3004 360 3064; x_wconf 86' lang='lat' dir='ltr'>Prisco</span> <span class='ocrx_word' id='word_1_214' title='bbox 382 3016 536 3066; x_wconf 79' lang='lat' dir='ltr'>narratam</span> <span class='ocrx_word' id='word_1_215' title='bbox 558 3023 645 3083; x_wconf 71' lang='lat' dir='ltr'>eme,</span> <span class='ocrx_word' id='word_1_216' title='bbox 659 3007 808 3088; x_wconf 85' lang='lat' dir='ltr'>Evagrius</span> <span class='ocrx_word' id='word_1_217' title='bbox 826 3006 983 3085; x_wconf 76' lang='lat' dir='ltr'>docet⁴³):</span> <span class='ocrx_word' id='word_1_218' title='bbox 1006 3003 1088 3065; x_wconf 87' lang='lat' dir='ltr'>unde</span> <span class='ocrx_word' id='word_1_219' title='bbox 1109 3001 1302 3083; x_wconf 84' lang='lat' dir='ltr'>colligimus,</span> 
     </span>
     <span class='ocr_line' id='line_1_29' title="bbox 222 3100 1306 3187; baseline -0.001 -27"><span class='ocrx_word' id='word_1_220' title='bbox 222 3122 316 3182; x_wconf 90' lang='lat' dir='ltr'>quum</span> <span class='ocrx_word' id='word_1_221' title='bbox 336 3100 476 3167; x_wconf 86' lang='lat' dir='ltr'>Malchus</span> <span class='ocrx_word' id='word_1_222' title='bbox 497 3125 612 3165; x_wconf 89' lang='lat' dir='ltr'>aunum</span> <span class='ocrx_word' id='word_1_223' title='bbox 627 3102 701 3186; x_wconf 89' lang='grc'>474.</span> <span class='ocrx_word' id='word_1_224' title='bbox 721 3105 831 3165; x_wconf 89' lang='lat' dir='ltr'>Leonis</span> <span class='ocrx_word' id='word_1_225' title='bbox 857 3127 904 3187; x_wconf 85' lang='lat'>¹7·</span> <span class='ocrx_word' id='word_1_226' title='bbox 930 3103 1074 3164; x_wconf 84' lang='lat' dir='ltr'>historiae</span> <span class='ocrx_word' id='word_1_227' title='bbox 1097 3101 1306 3162; x_wconf 83' lang='lat' dir='ltr'>suacinitium</span> 
     </span>
    </p>
   </div>
   <div class='ocr_carea' id='block_1_8' title="bbox 222 3199 1315 3784">
    <p class='ocr_par' dir='ltr' id='par_1_8' title="bbox 222 3199 1307 3385">
     <span class='ocr_line' id='line_1_30' title="bbox 222 3199 1307 3287; baseline -0.001 -26"><span class='ocrx_word' id='word_1_228' title='bbox 222 3200 338 3279; x_wconf 79' lang='lat' dir='ltr'>lecerit,</span> <span class='ocrx_word' id='word_1_229' title='bbox 354 3201 494 3264; x_wconf 88' lang='lat' dir='ltr'>Priscum</span> <span class='ocrx_word' id='word_1_230' title='bbox 509 3204 548 3264; x_wconf 87' lang='lat' dir='ltr'>ad</span> <span class='ocrx_word' id='word_1_231' title='bbox 561 3225 630 3264; x_wconf 85' lang='lat' dir='ltr'>eum</span> <span class='ocrx_word' id='word_1_232' title='bbox 643 3204 817 3266; x_wconf 72' lang='lat' dir='ltr'>substitisse</span> <span class='ocrx_word' id='word_1_233' title='bbox 859 3203 951 3265; x_wconf 88' lang='lat' dir='ltr'>Unde</span> <span class='ocrx_word' id='word_1_234' title='bbox 967 3215 1050 3287; x_wconf 88' lang='lat' dir='ltr'>patet</span> <span class='ocrx_word' id='word_1_235' title='bbox 1069 3223 1162 3284; x_wconf 91' lang='lat' dir='ltr'>quam</span> <span class='ocrx_word' id='word_1_236' title='bbox 1175 3199 1307 3261; x_wconf 85' lang='lat' dir='ltr'>absurde</span> 
     </span>
     <span class='ocr_line' id='line_1_31' title="bbox 222 3300 1132 3385; baseline -0.001 -25"><span class='ocrx_word' id='word_1_237' title='bbox 222 3300 411 3363; x_wconf 86' lang='lat' dir='ltr'>Suidaseum</span> <span class='ocrx_word' id='word_1_238' title='bbox 429 3303 487 3363; x_wconf 88' lang='lat' dir='ltr'>snb</span> <span class='ocrx_word' id='word_1_239' title='bbox 509 3303 681 3364; x_wconf 84' lang='lat' dir='ltr'>Theodosio</span> <span class='ocrx_word' id='word_1_240' title='bbox 702 3305 820 3364; x_wconf 88' lang='lat' dir='ltr'>iuniore</span> <span class='ocrx_word' id='word_1_241' title='bbox 839 3306 990 3385; x_wconf 85' lang='lat' dir='ltr'>scripsisse</span> <span class='ocrx_word' id='word_1_242' title='bbox 1019 3303 1132 3365; x_wconf 83' lang='lat' dir='ltr'>tradat.</span> 
     </span>
    </p>

    <p class='ocr_par' dir='ltr' id='par_1_9' title="bbox 223 3400 1315 3784">
     <span class='ocr_line' id='line_1_32' title="bbox 306 3400 1309 3484; baseline -0.003 -24"><span class='ocrx_word' id='word_1_243' title='bbox 306 3401 409 3483; x_wconf 88' lang='lat' dir='ltr'>Longe</span> <span class='ocrx_word' id='word_1_244' title='bbox 424 3404 556 3482; x_wconf 88' lang='lat' dir='ltr'>optimus</span> <span class='ocrx_word' id='word_1_245' title='bbox 569 3408 706 3465; x_wconf 88' lang='lat' dir='ltr'>omnium</span> <span class='ocrx_word' id='word_1_246' title='bbox 719 3406 865 3484; x_wconf 84' lang='lat' dir='ltr'>sequioris</span> <span class='ocrx_word' id='word_1_247' title='bbox 881 3405 948 3464; x_wconf 83' lang='lat' dir='ltr'>aevi</span> <span class='ocrx_word' id='word_1_248' title='bbox 964 3403 1180 3464; x_wconf 86' lang='lat' dir='ltr'>historicorum</span> <span class='ocrx_word' id='word_1_249' title='bbox 1191 3420 1200 3476; x_wconf 81' lang='lat'>3</span> <span class='ocrx_word' id='word_1_250' title='bbox 1221 3400 1309 3480; x_wconf 82' lang='lat' dir='ltr'>inge·</span> 
     </span>
     <span class='ocr_line' id='line_1_33' title="bbox 223 3497 1312 3585; baseline -0.002 -27"><span class='ocrx_word' id='word_1_251' title='bbox 223 3499 371 3579; x_wconf 56' lang='lat' dir='ltr'>nimiide,</span> <span class='ocrx_word' id='word_1_252' title='bbox 396 3503 551 3582; x_wconf 84' lang='lat' dir='ltr'>sapientia,</span> <span class='ocrx_word' id='word_1_253' title='bbox 572 3503 648 3564; x_wconf 87' lang='lat' dir='ltr'>nulli</span> <span class='ocrx_word' id='word_1_254' title='bbox 664 3503 713 3563; x_wconf 87' lang='lat' dir='ltr'>vel</span> <span class='ocrx_word' id='word_1_255' title='bbox 734 3505 917 3585; x_wconf 80' lang='lat' dir='ltr'>optimorum</span> <span class='ocrx_word' id='word_1_256' title='bbox 940 3512 1110 3583; x_wconf 80' lang='lat' dir='ltr'>temporum</span> <span class='ocrx_word' id='word_1_257' title='bbox 1124 3497 1312 3581; x_wconf 83' lang='lat' dir='ltr'>posthaben-</span> 
     </span>
     <span class='ocr_line' id='line_1_34' title="bbox 224 3599 1311 3684; baseline -0.005 -23"><span class='ocrx_word' id='word_1_258' title='bbox 224 3601 301 3678; x_wconf 88' lang='lat' dir='ltr'>dus;</span> <span class='ocrx_word' id='word_1_259' title='bbox 324 3600 442 3682; x_wconf 85' lang='lat' dir='ltr'>elegans</span> <span class='ocrx_word' id='word_1_260' title='bbox 461 3623 581 3684; x_wconf 91' lang='lat' dir='ltr'>quoque</span> <span class='ocrx_word' id='word_1_261' title='bbox 600 3614 630 3664; x_wconf 89' lang='lat' dir='ltr'>ct</span> <span class='ocrx_word' id='word_1_262' title='bbox 643 3624 782 3664; x_wconf 87' lang='lat' dir='ltr'>sermone</span> <span class='ocrx_word' id='word_1_263' title='bbox 793 3604 865 3663; x_wconf 86' lang='lat' dir='ltr'>satis</span> <span class='ocrx_word' id='word_1_264' title='bbox 879 3622 957 3683; x_wconf 89' lang='lat' dir='ltr'>puro</span> <span class='ocrx_word' id='word_1_265' title='bbox 973 3623 1056 3680; x_wconf 89' lang='lat' dir='ltr'>usus,</span> <span class='ocrx_word' id='word_1_266' title='bbox 1071 3599 1194 3660; x_wconf 86' lang='lat' dir='ltr'>laudem</span> <span class='ocrx_word' id='word_1_267' title='bbox 1218 3607 1311 3678; x_wconf 83' lang='lat' dir='ltr'>atque</span> 
     </span>
     <span class='ocr_line' id='line_1_35' title="bbox 224 3697 1315 3784; baseline -0.003 -25"><span class='ocrx_word' id='word_1_268' title='bbox 224 3699 349 3783; x_wconf 82' lang='lat' dir='ltr'>gloriam</span> <span class='ocrx_word' id='word_1_269' title='bbox 373 3722 469 3783; x_wconf 86' lang='lat' dir='ltr'>quom</span> <span class='ocrx_word' id='word_1_270' title='bbox 489 3701 569 3784; x_wconf 89' lang='lat' dir='ltr'>apud</span> <span class='ocrx_word' id='word_1_271' title='bbox 585 3724 711 3764; x_wconf 82' lang='lat' dir='ltr'>coaevos</span> <span class='ocrx_word' id='word_1_272' title='bbox 726 3712 794 3763; x_wconf 88' lang='lat' dir='ltr'>tum</span> <span class='ocrx_word' id='word_1_273' title='bbox 817 3703 894 3762; x_wconf 88' lang='lat' dir='ltr'>inter</span> <span class='ocrx_word' id='word_1_274' title='bbox 909 3712 1044 3784; x_wconf 88' lang='lat' dir='ltr'>posteros</span> <span class='ocrx_word' id='word_1_275' title='bbox 1058 3701 1166 3761; x_wconf 88' lang='lat' dir='ltr'>merito</span> <span class='ocrx_word' id='word_1_276' title='bbox 1183 3697 1315 3779; x_wconf 83' lang='lat' dir='ltr'>adeptus</span> 
     </span>
    </p>
   </div>
   <div class='ocr_carea' id='block_1_9' title="bbox 244 3889 1320 4170">
    <p class='ocr_par' dir='ltr' id='par_1_10' title="bbox 244 3889 1317 4170">
     <span class='ocr_line' id='line_1_36' title="bbox 244 3889 1317 3963; baseline -0.001 -16.984"><span class='ocrx_word' id='word_1_277' title='bbox 244 3889 849 3963; x_wconf 43' lang='lat' dir='ltr'>MQermHffld.ffiWVHpffl9y</span> <span class='ocrx_word' id='word_1_278' title='bbox 929 3891 1317 3962; x_wconf 59' lang='lat' dir='ltr'>39)demfflme</span> 
     </span>
     <span class='ocr_line' id='line_1_37' title="bbox 295 3962 1315 4031; baseline 0.003 -21"><span class='ocrx_word' id='word_1_279' title='bbox 295 3962 1315 4031; x_wconf 54' lang='grc' dir='ltr'>ιωωωὴηῆ.ρ.ῃ5.ώ8ᾱὼωωΜωῶΧῊΠᾼ</span> 
     </span>
     <span class='ocr_line' id='line_1_38' title="bbox 297 4032 1317 4122; baseline 0.005 -41"><span class='ocrx_word' id='word_1_280' title='bbox 297 4032 343 4099; x_wconf 86' lang='grc' dir='ltr'>4ο)</span> <span class='ocrx_word' id='word_1_281' title='bbox 364 4050 383 4081; x_wconf 92' lang='lat' dir='ltr'>s.</span> <span class='ocrx_word' id='word_1_282' title='bbox 404 4049 426 4082; x_wconf 86' lang='lat' dir='ltr'>v.</span> <span class='ocrx_word' id='word_1_283' title='bbox 446 4033 571 4085; x_wconf 75' lang='grc' dir='ltr'>ΙΊάνιογ.</span> <span class='ocrx_word' id='word_1_284' title='bbox 642 4035 726 4120; x_wconf 73' lang='grc' dir='ltr'>4ι)ε</span> <span class='ocrx_word' id='word_1_285' title='bbox 735 4052 757 4084; x_wconf 84' lang='lat' dir='ltr'>v</span> <span class='ocrx_word' id='word_1_286' title='bbox 776 4038 923 4122; x_wconf 83' lang='grc' dir='ltr'><strong><em>ΙῚρίσκος.</em></strong></span> <span class='ocrx_word' id='word_1_287' title='bbox 970 4036 1003 4104; x_wconf 61' lang='grc'>44</span> <span class='ocrx_word' id='word_1_288' title='bbox 1005 4034 1016 4103; x_wconf 94' lang='grc'>)</span> <span class='ocrx_word' id='word_1_289' title='bbox 989 4033 1189 4085; x_wconf 71' lang='lat' dir='ltr'>avinculis</span> <span class='ocrx_word' id='word_1_290' title='bbox 1208 4033 1317 4086; x_wconf 84' lang='lat' dir='ltr'>Snidao</span> 
     </span>
     <span class='ocr_line' id='line_1_39' title="bbox 297 4092 1320 4170; baseline 0.009 -18"><span class='ocrx_word' id='word_1_291' title='bbox 297 4109 325 4149; x_wconf 80' lang='lat' dir='ltr'>ct</span> <span class='ocrx_word' id='word_1_292' title='bbox 346 4102 479 4154; x_wconf 83' lang='lat' dir='ltr'>Eudocinc</span> <span class='ocrx_word' id='word_1_293' title='bbox 498 4101 576 4154; x_wconf 86' lang='lat' dir='ltr'>llbris</span> <span class='ocrx_word' id='word_1_294' title='bbox 595 4092 664 4155; x_wconf 69' lang='lat' dir='ltr'>sord</span> <span class='ocrx_word' id='word_1_295' title='bbox 688 4102 821 4159; x_wconf 70' lang='grc' dir='ltr'>’ίιιαλον</span> <span class='ocrx_word' id='word_1_296' title='bbox 843 4121 892 4170; x_wconf 80' lang='lat' dir='ltr'>pro</span> <span class='ocrx_word' id='word_1_297' title='bbox 915 4102 1167 4167; x_wconf 56' lang='lat' dir='ltr'>[sitre&#39;lcriumdiu</span> <span class='ocrx_word' id='word_1_298' title='bbox 1192 4105 1320 4161; x_wconf 73' lang='lat' dir='ltr'>animod-</span> 
     </span>
    </p>
   </div>
   <div class='ocr_carea' id='block_1_10' title="bbox 296 4173 1164 4245">
    <p class='ocr_par' dir='ltr' id='par_1_11' title="bbox 296 4173 1164 4245">
     <span class='ocr_line' id='line_1_40' title="bbox 296 4173 1164 4245; baseline 0.003 -21"><span class='ocrx_word' id='word_1_299' title='bbox 296 4173 752 4244; x_wconf 59' lang='lat' dir='ltr'>wsmmewmw,</span> <span class='ocrx_word' id='word_1_300' title='bbox 824 4174 1164 4245; x_wconf 55' lang='lat' dir='ltr'>fflfflstfflssffi</span> 
     </span>
    </p>
   </div>
   <div class='ocr_carea' id='block_1_11' title="bbox 0 0 1404 5078">
    <p class='ocr_par' dir='ltr' id='par_1_12' title="bbox 0 0 1404 5078">
     <span class='ocr_line' id='line_1_41' title="bbox 0 0 1404 5078; baseline 0 0"><span class='ocrx_word' id='word_1_301' title='bbox 0 0 1404 5078; x_wconf 95' lang='lat' dir='ltr'> </span> 
     </span>
    </p>
   </div>
  </div>
 </body>
</html>
