2738 5228
974 26 1018 102 Q.

241 223 328 341 ⁴594
524 253 701 320 annana
731 257 872 323 mnan
897 258 1034 323 noran

243 406 344 469 verbis
353 405 434 470 idem
441 405 639 492 Theophanes
648 406 686 468 ad
696 429 810 469 annum
822 410 979 488 histiniani
990 408 1057 479 35,
1070 428 1149 490 qrraa
1174 427 1212 469 ex
1222 418 1325 471 noenu

243 492 311 552 MS.
325 492 428 552 codice
441 501 631 571 repraesento
644 490 683 549 ab
704 491 865 552 Anastasio
882 491 1121 571 Bibliotheeario
1127 496 1324 591 praetermis-

243 594 298 634 sa:
321 571 378 634 καί
390 574 433 657 τρῖ
453 573 553 655 Μαΐῳ
573 567 649 653 μηνὶ
668 567 693 651 γ’
715 571 911 656 κατηγορήθη
931 569 1138 654 Ζήμαρχσςο
1161 568 1323 658 κακκράὲωρ

242 656 304 719 τῶν
322 654 516 732 Πλακαλιάς,
538 649 574 727 iic
594 651 673 716 aurei
695 658 750 718 τσῦ
770 657 925 733 βασιλέως
953 652 1049 716 πολλὰ
1082 650 1224 736 λαλήσας
1245 667 1302 717 ete.

246 803 248 807 ,
326 740 403 820 Pag.
414 761 464 800 aa.
477 741 512 799 B.
524 735 841 824 [485,8.]*Αι[1ιιόραι
863 742 972 800 aritiens
983 740 1091 822 populi
1108 743 1242 800 Romani
1255 742 1323 801 olim

242 821 429 895 Macrobioe,
447 845 523 884 nime
533 821 705 906 Homeritas
726 824 900 907 appellatos.
941 823 1114 882 Marcianus
1127 826 1160 883 in
1182 845 1323 905 compen·

244 905 295 967 dio
323 906 466 988 Stephani
494 907 630 987 Byzantii
659 907 738 966 inter
768 905 933 987 Aethiopas
963 904 1107 966 collocat:
1136 898 1322 986 Ὁμηρίται,

242 982 335 1060 ἔθνος
355 984 535 1050 Atticinum
563 983 755 1066 Μαρκιανὸς
776 987 808 1048 ὲν
828 985 966 1071 περίπλῳ
987 983 1025 1047 α’.
1071 988 1193 1050 Plinius
1213 1011 1249 1049 ac
1264 990 1324 1049 Pto·

242 1069 375 1133 lemaeus
389 1077 421 1131 iu
433 1070 545 1131 Arabia
560 1069 657 1147 felice,
672 1071 724 1132 sed
737 1070 841 1130 eodem
863 1069 951 1151 plane
970 1091 1066 1130 sensu.
1109 1070 1233 1132 Arabes
1247 1075 1321 1132 enin

179 1178 187 1198 ¹
242 1155 511 1234 dictosAethiopas
520 1168 621 1215 sacrae
630 1155 829 1235 profanaeqne
838 1152 954 1221 litterae
964 1152 1159 1234 persuadent.
1183 1156 1320 1217 Diversa

243 1238 333 1298 fuisse
348 1237 519 1298 Macrobioe
536 1236 713 1318 Aethiopas,
736 1257 797 1296 non
824 1237 1005 1311 inficiamur,
1027 1238 1066 1297 de
1086 1238 1201 1317 quibus
1211 1239 1320 1320 Diony·

242 1323 305 1382 sius
319 1322 499 1403 Pcriegetes,
519 1317 651 1400 aliique,
672 1319 756 1380 atde
780 1320 815 1379 iis
836 1319 885 1379 hic
907 1339 966 1379 non
982 1329 1027 1378 est
1042 1320 1320 1401 disputandilotua.

244 1403 409 1486 Procopius
432 1403 510 1464 libro
531 1405 629 1484 primo
650 1401 688 1463 de
707 1401 793 1462 bello>
809 1402 931 1462 Persico
950 1400 1079 1483 plurima
1100 1403 1192 1464 affert
1211 1404 1252 1464 de
1263 1404 1320 1464 lio-

246 1489 358 1548 meritis
393 1486 474 1547 ultra
508 1485 692 1546 Maaddenos
714 1485 773 1545 sihi
791 1484 926 1544 subditos
947 1485 987 1544 ad
1004 1483 1077 1547 litus
1097 1487 1219 1548 Oceani
1240 1486 1320 1548 hahi-

242 1570 376 1631 tautihus
397 1570 473 1630 scitu
487 1567 678 1648 dignissima,
700 1567 739 1628 ad
753 1588 830 1649 quae
845 1570 1001 1628 Lectorem
1015 1570 1170 1630 curiosum
1183 1570 1319 1647 amando,

242 1673 305 1712 non
334 1672 419 1713 secus
448 1662 538 1731 atque
568 1650 606 1710 ad
628 1650 845 1712 Bibliothecam
869 1650 1060 1732 patriarchae
1079 1651 1208 1731 Photii,
1243 1656 1320 1714 cuias

241 1746 384 1798 tmemate
411 1737 501 1795 tertio
516 1732 666 1795 habentur
686 1744 823 1814 excerpta
844 1733 991 1816 quaedam
1012 1755 1047 1794 ex
1068 1733 1211 1797 Nonnosi
1233 1736 1319 1796 histo·

241 1819 303 1895 ria,
328 1839 387 1899 qua
406 1816 584 1899 legationem
605 1839 623 1877 a
644 1838 676 1878 se
697 1818 855 1876 lastiniani
877 1818 953 1898 Imp.
990 1819 1073 1877 iussu
1095 1831 1268 1902 susceptam
1285 1818 1319 1880 ad

242 1902 433 1983 Aethiopas,
457 1902 654 1978 Auxumitas,
676 1899 839 1960 Saracenos
864 1911 953 1982 atque
975 1900 1150 1963 Homeritas
1184 1901 1318 1963 fabulosis

242 1985 297 2046 καὶ
316 1976 579 2064 παραδόξοτάτσις
599 1982 821 2046 narrationibus
841 1984 1030 2044 intertextam
1049 1996 1246 2064 posterorum
1264 2007 1319 2047 me·

241 2069 356 2128 moriae
375 2065 609 2129 commendarat.
647 2065 846 2146 Theophanes
866 2066 905 2128 ad
925 2087 1038 2126 anuum
1053 2068 1219 2130 Iustiniani
1238 2071 1321 2151 septi·

242 2171 327 2212 mum
358 2149 490 2212 revocati
522 2150 601 2211 iuter
629 2151 779 2211 Romanos
807 2169 843 2209 ao
875 2150 983 2211 Persas
1011 2148 1083 2210 belli
1107 2174 1233 2213 causam
1250 2152 1319 2212 hanc

242 2235 379 2299 subiicit:
403 2230 499 2294 πάλιν
521 2226 537 2292 d
557 2227 718 2313 Περσικὸς
739 2229 942 2334 ἅνεκαινίσθρ
963 2228 1099 2309 πόλεμος
1121 2229 1178 2295 διὰ
1200 2233 1234 2296 ni
1251 2255 1320 2316 κρε-

242 2317 377 2395 σβεῦσαι
398 2309 472 2385 τούς
489 2310 659 2395 Ὁμηρίτας
680 2308 804 2387 Ἰνδσύς
824 2308 901 2394 πρὸς
938 2313 1132 2393 Ρωμαίόυς)
1163 2314 1222 2378 καὶ
1249 2311 1321 2377 ino-

240 2401 362 2459 στεῖλαι
385 2393 441 2458 τὸν
461 2398 593 2474 βασιλέα
610 2388 788 2459 Ἰουλιανόν
809 2391 861 2459 τὸν
878 2393 1119 2476 μαγιστεριανὸν
1132 2394 1195 2473 τὰς
1211 2393 1320 2480 adapes,-

241 2473 321 2560 πρὸς
338 2476 474 2556 Ἆρέθαν
494 2474 547 2539 τὸν
567 2479 701 2555 βασιλέα
721 2480 787 2541 τῶν
803 2476 973 2541 Αἰθιόπων
992 2491 1065 2557 eta,
1088 2503 1171 2563 quae
1192 2505 1228 2544 ex
1242 2484 1318 2543 Αι-

240 2565 331 2624 stasio
353 2564 395 2622 sic
411 2563 516 2622 Latine
530 2573 653 2623 sonante
677 2565 781 2622 iterum
793 2564 944 2623 Persicwn
957 2578 1132 2625 renovatam
1151 2581 1196 2626 est
1207 2568 1320 2643 bellem,

240 2667 276 2706 eo
297 2646 378 2729 ριισά
397 2643 570 2706 Homeritae
597 2645 671 2705 Indi
695 2647 867 2725 legationem
893 2647 938 2705 ad
959 2648 1107 2707 Ronmnos
1124 2653 1276 2723 miserant,
1293 2663 1320 2709 et

240 2729 409 2811 liuperator
437 2728 588 2790 Iuliammt
614 2728 845 2809 Magistrianum
868 2750 933 2788 enm
957 2749 1044 2788 sacra
1069 2731 1267 2794 destrizaverit
1281 2731 1319 2791 ad

232 2811 530 2893 1ΑναιΙιαινι,ἰαριννι
558 2810 743 2895 Aethiopum.
785 2810 852 2872 Reli
873 2833 912 2871 ua
927 2811 1010 2872 brevi
1036 2813 1067 2871 in
1090 2814 1227 2876 editione
1244 2817 1315 2897 regia

239 2893 339 2975 legere
358 2894 480 2970 iicebit,
510 2906 604 2977 utque
632 2895 736 2954 Hunni
763 2915 816 2975 per
842 2832 917 2954 iiiud
946 2901 1318 2979 tempus,quosTu1ooe

240 2978 347 3038 dicere
360 2980 585 3053 consuevimus,
608 2977 786 3058 legationem
808 2977 940 3039 direxere
959 2978 1000 3038 ad
1014 2978 1168 3041 lustinum
1181 3004 1238 3064 per
1250 2982 1317 3044 aa

240 3079 350 3120 norum
372 3063 517 3141 regiones.
559 3061 609 3120 Aa
632 3070 703 3120 vero
723 3059 854 3120 Arethas
874 3060 945 3134 ille,
968 3065 1031 3120 sive
1052 3063 1188 3137 Aretes,
1210 3070 1251 3126 sit
1267 3066 1316 3125 Sa-

239 3152 400 3218 naturces,
428 3143 654 3203 Homeritarum
681 3164 753 3218 rex,
779 3144 924 3204 a¹=Persis
957 3164 1048 3224 opera
1075 3149 1214 3210 Meraais
1240 3149 1318 3209 ducis

239 3225 328 3285 vivus
348 3235 475 3305 captus,
498 3230 532 3286 itt
552 3236 654 3287 noster
675 3228 807 3303 recitat,
837 3226 902 3287 aliis
921 3229 1144 3308 inquirendum
1162 3233 1314 3315 relinquor

238 3319 321 3368 certe
349 3307 425 3368 alius
451 3307 491 3368 ab
514 3326 554 3368 eo
585 3309 642 3369 suit
662 3309 859 3387 Sanaturces,
892 3331 943 3370 rex
964 3312 1203 3392 Armeniorum,
1238 3318 1319 3376 euius

238 3387 298 3452 hoe
318 3391 449 3471 elogium
469 3391 579 3472 legitur
599 3391 680 3472 apud
700 3392 849 3453 Suidam:
877 3388 1113 3475 Σανατσῦρκης,
1149 3395 1316 3498 Ἀρμενίων

173 3491 179 3501 ,
236 3471 408 3553 βασιλεύς,
426 3467 472 3545 ,ὃς
490 3469 525 3532 τὸ
542 3473 602 3550 μὲν
624 3474 716 3548 σῶμα
740 3472 917 3557 ,ξύμμετρον
935 3466 1020 3554 εἶχε,
1035 3475 1106 3558 ἱτὴν
1137 3501 1267 3579 ρνωμην
1283 3477 1315 3540 δὲ

237 3554 336 3636 μέγας
359 3551 529 3636 ἐτύγχανεν
553 3554 597 3627 εἰς
619 3548 845 3635 ἅπανταῗκαόχ
867 3550 977 3637 ἥκιστα
995 3557 1031 3618 di
1050 3560 1096 3632 εἰς
1111 3583 1156 3622 τα
1181 3558 1259 3645 ἔργα
1280 3555 1314 3622 ni

238 3635 400 3711 unianimi.
422 3633 523 3701 idduae
544 3637 580 3698 δὲ
593 3639 648 3698 καί
669 3637 725 3700 τοῦ
741 3637 862 3700 δικαίου
882 3635 988 3721 φύλαξ
1003 3636 1142 3748 ἅκριβνὶς
1161 3644 1315 3725 γενέσθαι,

237 3721 294 3782 καί
317 3717 356 3783 τὰ
380 3718 425 3792 εἰς
444 3716 500 3802 τήν
521 3720 646 3782 δίαιταν
671 3715 726 3781 ἴσα
743 3717 803 3782 καί
825 3729 891 3793 τοῖς
913 3721 1093 3800 repatriarem
1118 3726 1268 3810 Ελλήνων
1285 3746 1319 3788 τι

235 3805 293 3864 καί
309 3801 475 3880 ‘Panasion
503 3802 738 3878 κεκολασμένος.
787 3805 870 3881 Quid
902 3805 927 3865 si
977 3807 1024 3866 uis
1051 3809 1162 3888 paulo·
1180 3813 1318 3873 audatia·

234 3881 311 3946 α’ντὶ
338 3886 402 3954 anie
428 3882 600 3966 Ἀρμενιλνν
630 3862 709 3967 legdt
734 3884 927 3966 Ὁμηρικῶν,
956 3827 1183 3978 deceptumque
1211 3894 1320 3958 norim

235 3968 366 4031 dictione
389 3984 601 4032 amanuensem
627 3969 809 4030 contendat?

316 4055 396 4138 Pag-
413 4070 464 4112 aa.
481 4052 517 4112 C.
538 4050 630 4134 1485,
659 4048 889 4134 13.]⁴Amrem'i
911 4073 932 4113 α
957 4053 1069 4116 &aare
1091 4058 1312 4145 maamad

235 4130 458 4219 Euagriustlib.
474 4134 507 4198 5.
528 4153 593 4217 cap.
608 4157 640 4219 ρ.
658 4135 1015 4199 Persamenoc‘vooatos
1035 4138 1133 4205 fuisse
1155 4143 1313 4207 docet&
