2744 5182
454 687 748 765 PANEGYMCUS.

58 847 183 912 Obtulit
202 863 233 914 et
252 856 370 916 vinctos
389 851 484 915 oculis
504 854 694 939 domltosqus
716 860 883 940 tyram,
910 889 912 895 ·
946 862 950 867 ’

58 950 141 1031 Ante
161 953 252 1034 pedes
267 965 380 1015 vestros
399 952 504 1015 mediis
517 953 705 1050 Circensp'bus
725 967 817 1018 actos.

141 1051 288 1115 Aemilius
304 1053 461 1136 quondam
475 1053 610 1131 Paulus,
633 1054 811 1118 fortissimus
835 1053 907 1132 ille,
985 1098 987 1103 .

57 1150 108 1211 Sic
135 1173 237 1234 regem
255 1152 383 1227 Persen,
411 1151 522 1236 populo
535 1164 686 1236 spectante
700 1156 831 1230 Latino,
873 1190 876 1195 -

59 1251 208 1312 Curribus
226 1254 363 1313 invectus
376 1251 537 1334 Tarpeiam
551 1255 641 1315 traxit
658 1254 696 1315 ad
714 1275 838 1332 arcem,

56 1349 253 1464 Plamvitque
271 1352 375 1413 lovem
389 1351 534 1434 Capitolia
555 1352 667 1436 templa
690 1365 855 1416 tenentem.

60 1450 260 1533 Omnipotens
280 1451 332 1513 sed
345 1464 376 1514 te
392 1444 540 1536 Superum
555 1455 711 1537 conspexit
732 1454 772 1516 ab
787 1475 879 1535 arce,

59 1549 195 1611 Numina
211 1549 378 1633 placentem
400 1551 552 1630 caelestia,
573 1553 687 1636 templa
706 1556 848 1615 tenentis.

59 1647 211 1732 Auspiciis
230 1651 344 1733 gaude,
365 1653 530 1734 Princeps,
552 1651 687 1715 felicibus
709 1651 817 1715 aulae!

61 1748 119 1808 Cui
138 1750 220 1810 Deus
237 1755 428 1834 omniparens
449 1752 655 1814 renovandum
675 1751 803 1813 credidit
816 1754 948 1838 orbam,

62 1846 274 1933 Iustitiamque
288 1849 372 1912 iubet
393 1850 571 1914 descendere
593 1873 698 1915 rursus
715 1851 754 1913 ab
770 1874 846 1933 axe,
910 1900 913 1907 »

60 1946 104 2018 Et
117 1947 218 2010 faciles
238 1950 376 2032 precibus
394 1949 576 2033 populorum
592 1951 730 2034 praebuit
748 1972 848 2015 aures.

61 2045 202 2123 Quorum
219 2060 382 2130 prostratas
398 2050 537 2113 recreasti
552 2048 689 2111 funditus
711 2049 801 2120 urbes

62 2144 205 2209 Portibus
225 2158 256 2209 et
273 2152 386 2228 muris,
406 2150 557 2218 undarum
574 2161 605 2211 et
625 2151 770 2218 tractibus
794 2150 873 2221 altis.

62 2242 149 2307 Nunc
166 2256 234 2308 tuto
248 2259 358 2312 nautae
367 2260 508 2334 repetunt
528 2250 578 2311 hic
593 2253 668 2312 ostia
687 2248 781 2325 velis,

62 2345 124 2423 Qui
137 2346 230 2408 dubio
245 2348 398 2431 quondam
413 2351 516 2432 peiora
534 2348 668 2431 pericula
694 2361 786 2431 ponto

62 2443 128 2507 tam
148 2448 260 2528 patrias
279 2469 347 2509 oras
363 2447 533 2510 tolerabant
557 2468 636 2511 nave
653 2458 808 2524 tenentes3

60 2543 264 2629 Naufragium
283 2547 411 2608 navibus
424 2547 506 2613 sessis
529 2549 835 2628 stationaminants,
1003 2602 1005 2606 ,

60 2643 200 2707 Disiectis
223 2645 379 2722 claustris,
403 2645 513 2730 quibus
527 2666 641 2728 aequor
661 2646 810 2730 frangitur
828 2646 940 2711 adum.

60 2742 122 2803 Sed
138 2765 218 2807 nunc
233 2757 305 2808 vota
322 2747 389 2813 Deo
407 2746 518 2817 servati
536 2756 658 2828 pectore
674 2756 740 2810 toto

61 2843 125 2906 Pro
138 2849 250 2926 pietate
266 2857 320 2908 tua
333 2891 348 2925 „
364 2867 426 2930 qua
447 2848 571 2929 respicis
586 2847 711 2925 omnia,
729 2846 871 2908 fundunt.
928 2861 930 2864 ·

67 2996 70 3006 s
145 2943 301 3028 Agricolas
317 2947 461 3009 miserans
475 2945 632 3028 dispendia
646 2966 738 3008 saeva
756 2944 894 3028 relaxas3

63 3044 158 3106 Curia
177 3047 325 3129 perversis
347 3067 419 3111 narn
443 3056 538 3108 cessat
553 3044 688 3108 moribus
707 3049 822 3127 omnis,

63 3145 126 3206 Nec
140 3144 209 3207 licet
224 3147 342 3208 iniustis
362 3147 451 3208 solito
466 3156 659 3209 contemnere
678 3144 766 3229 leges.

61 3244 93 3306 N
95 3265 154 3305 unc
168 3248 282 3329 equites
299 3245 427 3306 horrent
445 3255 599 3307 rectorum
618 3245 699 3306 iussa
716 3243 879 3320 vehentes,

63 3344 129 3405 Nec
144 3344 220 3406 lucri
239 3367 328 3407 causa
349 3347 542 3405 commiscent
566 3365 651 3405 sacra
670 3343 816 3425 profanis.

63 3443 180 3515 Iudicis
200 3447 263 3527 ipse
280 3444 386 3506 sedens
407 3443 494 3523 iudex
517 3443 651 3504 caelestis
674 3445 773 3526 imago

63 3544 128 3606 Per
148 3554 179 3606 te
201 3545 363 3628 respondes
381 3542 500 3628 populis
518 3542 640 3610 oracula
659 3553 781 3620 senaa,

62 3646 179 3708 Proicis
193 3656 224 3706 et
243 3644 358 3720 nullos,
380 3646 438 3706 nisi
459 3647 512 3728 qui
530 3664 591 3707 nou
606 3645 685 3704 iusta
703 3653 875 3725 reposcunt.

65 3744 188 3807 Aurum
205 3767 266 3806 non
281 3744 426 3819 adhibes,
447 3743 637 3806 moderantes
652 3755 723 3805 aute
742 3730 879 3804 solebant

66 3844 160 3924 Quod
181 3845 274 3928 dare,
297 3867 336 3913 ne
351 3844 439 3906 liceat
461 3818 558 3906 socios
579 3854 714 3905 evertere
735 3843 846 3921 frutis,

64 3945 274 4031 Exemploque
298 3945 387 4007 doces
404 3956 563 4028 quaestum
580 3954 776 4019 contemnere,
791 3953 926 4027 turpem.

65 4045 195 4107 Tirones
210 4047 280 4107 forti
301 4065 443 4112 numeros
464 4065 546 4104 nunc
564 4041 660 4105 milite
676 4040 845 4125 complent,

66 4145 210 4228 Veraquc
228 4168 290 4208 non
310 4148 422 4230 pretio,
444 4142 496 4211 sed
514 4142 638 4216 robore,
659 4144 744 4225 signa
768 4149 932 4211 merentur,

151 4245 254 4324 Quid,
276 4245 359 4329 quod
376 4244 528 4325 dispensas
540 4241 670 4303 cerealia
688 4262 814 4304 munera
827 4242 927 4316 vitae,

66 4346 202 4408 Luxurie
225 4346 391 4429 prohibens
417 4341 507 4404 urbes
527 4352 693 4424 cautusque
710 4341 818 4402 futuri.

65 4444 128 4510 Nee
143 4465 265 4507 sensum
281 4442 399 4529 populis
419 4441 493 4506 caeli
510 4442 657 4525 meantia
679 4439 820 4524 praebet,

141 4561 198 4617 186.
221 4559 267 4617 lic
285 4559 377 4629 unul,
392 4560 444 4616 viz
464 4556 524 4618 cod.
581 4622 585 4628 ι
