2774 5122
373 552 639 659 annuntians
667 594 872 660 msroam.
1077 566 1160 681 375

86 747 213 826 νεκυίσ,
234 746 269 811 ἔκ
288 746 350 810 τεόν
370 748 405 811 έν
424 748 463 834 τῇ
483 750 612 829 Νισίβει
644 743 807 834 ἀρχόντων
827 748 1008 835 ἐξεπέμφθη
1041 744 1100 815 σύν
1127 750 1241 833 rja-C.
1253 757 1302 814 565

85 846 275 931 νομιζομένῃ
307 847 384 931 τιμῇ
409 845 594 929 πρεσβεύειν
619 846 652 920 ἐς
679 841 718 913 τά
749 848 895 926 βασίλεια
926 851 1079 933 Περσῶν·
1112 825 1269 950 καίῗωιῑή.

86 939 224 1023 ἅπαντα,
254 933 298 1008 ὧν
325 941 414 1006 ἕνεκα
435 939 585 1025 ἔσταλτο,
616 945 651 1008 ἐν
686 943 786 1008 δέοντι
813 944 1107 1031 καταστησάμενος,
1131 915 1215 1027 ἔνιά11
1231 915 1288 961 mss

83 1038 205 1116 τούτοις
233 1040 384 1127 ὑπῆρχεν.
425 1040 442 1108 ό
477 1042 511 1106 δὲ
540 1038 688 1128 Χοσρόης
715 1044 750 1107 έν
779 1046 839 1133 μιᾷ
867 1046 929 1108 τῶν
958 1039 1085 1129 ἡμερῶν
1103 1048 1166 1110 τῶν

59 1136 277 1224 5Σαρακηνῶν
303 1144 377 1225 πέρι
405 1136 491 1228 αύτῷ
511 1142 632 1225 ἐκίνησε
661 1137 782 1223 λόγους.
822 1139 862 1207 τά
883 1140 945 1226 γάρ
966 1140 1163 1228 Σαρακηνικό

83 1242 174 1325 φύλα
201 1237 355 1324 μυριάδες
382 1242 482 1305 ταῦτα
493 1292 503 1321 ,
535 1241 592 1303 καί
617 1236 651 1304 τό
681 1245 825 1305 πλεῖστον
856 1242 961 1304 adenis
981 1236 1167 1326 ἐρημονόμοι

82 1339 149 1401 εἰσί
180 1338 237 1401 καί
265 1332 447 1403 άδέσιτοτοι·
480 1341 537 1403 καί
562 1340 622 1420 μὲν
650 1331 709 1403 σύν
728 1342 786 1423 τῆς
818 1338 1008 1420 Ῥωμαίων,
1038 1335 1167 1403 ἐστι’νόό

80 1436 210 1519 καὶτῆς
227 1441 366 1521 Περσων
387 1434 508 1522 ὑπήκοοι
537 1439 703 1512 πολιτείας.
720 1439 728 1450 ”
746 1433 830 1503 υύτω
863 1441 899 1502 δέ
920 1439 1164 1520 διακεκριμένων

80 1535 195 1615 αὐτῶν,
214 1534 436 1617 Ἰουστινιανός,
468 1535 678 1624 μεγαλόφρων
705 1534 786 1623 α’νὴρ
817 1539 872 1601 καί
890 1531 1162 1619 βασιλικώτατος,

38 1631 155 1708 ιοτυύς
174 1635 360 1719 μηδίζοντας
380 1639 572 1720 Σαρακηνῶν
604 1633 718 1719 διόροις
745 1637 900 1714 ἐδεξιοῦτο
921 1632 1097 1720 κρατούσης
1117 1636 1163 1699 εί-

80 1730 187 1816 ρὴνης.
229 1731 245 1796 ό
269 1735 304 1797 δὲ
320 1733 499 1815 Ἰυυστῖνος,
523 1734 680 1820 έμβριθης
699 1759 732 1800 τε
753 1730 798 1799 aiv
817 1733 873 1798 καί
889 1723 1061 1820 βαρβάρων
1082 1756 1163 1820 φρυ-

79 1828 193 1914 νὴματι
224 1827 335 1915 ἥκιστα
363 1831 555 1916 δπσχαλςόν,
588 1836 622 1899 έν
648 1830 758 1899 auderi
786 1830 868 1922 λόγῳ
890 1835 1057 1918 ἐποιήσατο
1088 1830 1161 1908 τούς

77 1925 148 1994 όσοι
169 1928 318 2014 ἐμήδιζον
337 1933 399 1996 τῶν
414 1935 617 2018 Σαρακηνιόν.
657 1929 686 1996 οἱ
707 1935 741 1997 δὲ
764 1930 1075 2025 (πλεονεκτικώτατον
1093 1929 1182 2016 γάρῦ

77 2027 114 2092 τό
131 2031 247 2118 φάλον)
270 2025 535 2116 άποκοπὴντούτο
556 2033 746 2116 ἡγησάμενοι
778 2035 823 2120 τῷ
853 2037 983 2115 βασιλεῖ
1013 2033 1162 2096 ἐνέκειντο

37 2128 220 2215 ιὸΠερσῶν
248 2127 291 2214 μη
323 2132 477 2216 περιιδεῖν
503 2129 621 2207 αύτούς
651 2132 738 2220 αύτῷ
765 2132 1002 2211 ἀνακειμένους.
1043 2135 1087 2216 τῷ
1112 2151 1162 2194 τοι

76 2220 142 2312 άρα
163 2227 219 2292 καί
240 2230 372 2315 Πέτρου
393 2231 493 2294 ἐκεῖσε
514 2233 812 2317 πρεσβευσαμένου,
840 2227 943 2314 ὥσπερ
964 2235 1030 2302 τοῖς
1053 2232 1162 2312 Σαραι

75 2335 180 2408 κηνσῖς
209 2325 411 2405 ὑπευθύνους
443 2320 537 2404 όντας
569 2329 752 2410 Ῥωμαίους
782 2325 866 2410 ἔλεγε
889 2330 955 2393 δεῖν
977 2327 995 2388 ό
1016 2324 1161 2409 Χοσρόης

75 2424 294 2490 άπσδιδσσθαί
311 2450 405 2512 σφισι
428 2423 463 2491 τό
484 2430 590 2511 χρέος.
620 2421 689 2491 εἶτα
709 2431 764 2490 καί
780 2425 927 2492 Ἰωάννου
949 2418 1061 2488 αύτόσε
1082 2423 1160 2509 sispa-

75 2527 206 2604 κυμίνου
232 2532 298 2598 τοῖς
329 2519 438 2601 αύτσῖς
468 2522 626 2610 ἐχρήσατο
659 2520 789 2610 ῥήμασι.
833 2525 1064 2609 διισχυρίζοντο
1093 2521 1154 2607 γάρ

32 2645 144 2697 nonnae
163 2623 191 2686 οἱ
209 2622 398 2708 Σαρακηνσί,
418 2621 461 2698 ὥς
480 2624 560 2708 ὑπὲρ
582 2625 642 2688 τοῦ
662 2617 789 2709 εἰρήνην
810 2614 896 2706 άγειν
915 2624 971 2685 καί
988 2618 1032 2705 μη“
1056 2635 1190 2690 nara-v.
1205 2653 1250 2691 ιοι

72 2723 161 2785 θέειν
180 2719 236 2806 τήν
251 2720 423 2803 Ῥωμαίων
442 2720 481 2787 τά
502 2726 633 2788 τοιαῦτα
657 2722 836 2804 ἐκομίζοντο
857 2718 1010 2806 χρήματα
1020 2771 1030 2801 ,
1050 2722 1158 2784 ἐντεύ-

72 2817 133 2884 aiv
150 2843 183 2884 τε
203 2817 364 2904 ἐβιάζοντο
384 2818 444 2906 τήν
466 2825 523 2887 τοῦ
557 2819 741 2909 πράγματος
760 2819 869 2908 φύσιν.
910 2818 928 2884 ό
950 2823 986 2886 δὲ
1003 2817 1157 2904 Ἰωάννης,

142 2974 165 3026 3.
184 2968 315 3035 darana,
342 2960 438 3038 nivii,
458 2972 477 3026 δ
494 2974 611 3029 πάντων
628 2973 693 3043 vrsig
784 2977 809 3028 6.
829 2958 919 3045 μυρίαΙ
941 2971 973 3026 o't
992 2989 1015 3025 τ.
1034 2972 1093 3025 vai.
1130 2988 1155 3040 7.

141 3046 191 3093 arni
207 3043 274 3116 μὲν]
293 3039 326 3095 τά
349 3044 403 3114 μὲν
420 3047 490 3095 coni.
507 3048 535 3097 B.
624 3063 662 3099 ιι.
679 3045 834 3103 'leverinae
854 3044 912 3098 Vrii.
918 3081 927 3108 ,
944 3035 1155 3101 Ἰσυστινιυνός

141 3113 213 3183 vulg.
287 3113 326 3182 sq.
343 3113 488 3170 άνέκειντσ
509 3116 580 3186 vulg.
991 3164 1004 3201 ι

71 3231 239 3302 primoribus
257 3234 360 3286 Nisibis
379 3253 439 3288 cnm
463 3235 569 3285 solenni
588 3233 692 3288 honore
711 3234 745 3286 ad
769 3233 968 3304 exsequendam
987 3231 1153 3301 legationem

70 3307 101 3355 in
123 3307 224 3371 regiam
238 3307 378 3357 Persarum
393 3312 436 3357 est
453 3305 588 3357 dimissus.
625 3305 649 3356 is
670 3322 702 3356 eo
722 3304 849 3368 accessit,
872 3311 901 3355 et
918 3303 1063 3364 omnibns,
1081 3317 1152 3370 quo·

70 3390 131 3425 rum
148 3391 228 3426 eausa
247 3377 342 3426 missus
360 3376 427 3437 init,
446 3378 499 3427 rite
515 3375 647 3443 peractis,
673 3390 831 3444 responsum
849 3373 983 3424 manebat
1019 3371 1152 3425 Chosroes

70 3446 161 3495 sutem
183 3444 300 3513 quadam
325 3446 370 3498 die
398 3462 548 3498 sermonem
582 3446 668 3496 mevit
696 3445 730 3496 de
763 3442 910 3497 Saracenis.
955 3444 1057 3496 Gentes
1077 3445 1151 3494 enim

69 3514 246 3567 saracenicae
276 3518 435 3567 innumerae
468 3524 546 3578 sunt,
579 3531 692 3585 quarum
721 3515 837 3566 maxima
869 3531 930 3583 pars
960 3530 1010 3582 per
1041 3511 1150 3565 deserta

68 3593 211 3653 pascentes
231 3593 259 3637 et
272 3588 332 3638 sine
353 3585 464 3637 domino
481 3591 629 3654 vagantur,
652 3585 720 3636 aliae
739 3587 934 3646 Romanorum,
960 3585 1031 3635 aiiae
1054 3584 1151 3636 Persa-

68 3670 130 3706 rnm
150 3654 266 3723 imperio
289 3665 395 3725 parent
431 3659 472 3708 lta
498 3655 602 3707 divisae
630 3671 690 3706 eum
712 3665 817 3720 essent,
854 3654 1035 3716 lastinianus,
1059 3654 1150 3722 magni

67 3724 166 3775 iudicii
187 3725 240 3788 vir,
268 3733 296 3776 et
318 3726 367 3795 qui
397 3742 612 3795 magnumnsum
639 3727 728 3794 regiae
749 3726 995 3779 administrationis
1020 3723 1149 3785 habebat,

67 3794 232 3854 Saracenos,
253 3796 302 3864 qui
325 3799 355 3847 in
378 3794 520 3847 Medorum
539 3796 662 3864 partibas
687 3804 779 3859 erant,
803 3812 964 3865 perpacem
987 3795 1066 3846 donis
1083 3812 1149 3862 pro-

67 3871 176 3916 secutus
191 3866 288 3919 iuerat.
311 3865 365 3917 Sed
385 3865 515 3929 lustinus,
533 3867 575 3920 vir
592 3867 679 3936 gravis
697 3875 726 3919 et
744 3876 870 3919 constans
888 3882 977 3936 neque
996 3863 1146 3933 quidquam

66 3932 244 3991 barbarorum
266 3934 411 4004 superbiae
427 3934 542 3997 cedens,
558 3935 722 3998 Saracenos,
741 3937 789 4006 qui
813 3936 898 3988 Persis
917 3935 1062 3991 iav‘ebant,
1078 3949 1145 3984 een-

66 4004 312 4073 iemptuihabuit,
339 4014 367 4057 et
395 4005 477 4056 nihili
503 4007 575 4058 iecit.
624 4008 659 4058 At
686 4007 727 4057 iili
754 4010 807 4074 (est
832 4007 904 4057 enim
929 4022 992 4075 gens
1019 4002 1144 4052 avidissi-

65 4076 124 4144 ma)
141 4092 201 4126 cum
219 4084 347 4147 tanquam
363 4075 437 4147 quod
453 4093 530 4127 snum
547 4083 626 4140 esset,
645 4077 699 4128 sibi
713 4077 781 4145 eripi
795 4076 989 4136 existimarent,
1006 4072 1142 4123 Persarum

64 4162 171 4213 regem,
189 4162 225 4198 ne
248 4163 278 4198 se
299 4147 334 4198 ad
355 4163 403 4197 sua
418 4161 505 4212 genua
520 4155 667 4215 prostratos
695 4153 898 4208 contemneret,
930 4145 1064 4212 supplices
1082 4159 1142 4193 ora-

65 4222 139 4267 runt
175 4214 215 4266 lta
236 4232 271 4267 ue
291 4216 442 4277 chosroes,
477 4233 537 4267 enm
567 4217 658 4269 Petrus
684 4216 757 4284 apud
789 4233 849 4267 eum
887 4217 1004 4284 legatum
1036 4223 1141 4281 ageret,

64 4287 200 4339 Romanos
218 4233 364 4338 Saracenis
381 4286 504 4336 debitum
527 4288 631 4339 solvere
651 4303 769 4356 aequum
785 4286 920 4337 censebat.
958 4282 1064 4335 Deinde
1080 4302 1141 4337 eum

62 4355 180 4408 ioannes
197 4356 232 4407 ad
250 4372 313 4408 eum
330 4356 496 4416 accessisset,
514 4356 612 4409 iisdem
631 4357 720 4409 verbis
740 4363 781 4407 est
805 4370 876 4407 usare.
921 4353 1048 4404 Saraceni
1068 4357 1141 4408 enim

62 4424 272 4494 asseverabant,
294 4442 324 4479 se
343 4424 379 4478 eb
398 4442 458 4482 eam
484 4442 606 4493 causam,
631 4435 661 4481 ut
682 4428 802 4498 quietem
823 4431 947 4496 agerent,
971 4439 1061 4495 neque
1087 4427 1139 4479 iio·
