2724 5092
124 280 129 289 ,
182 191 261 278 128
375 208 378 212 ’
614 211 825 284 ExcEltP'rl
888 311 890 315 ‚

38 375 366 466 A.c.a97ooyxsmioo;
393 364 431 439 τό
459 366 577 440 ἑαυτοῦ
609 378 722 456 σῶμα,
756 364 947 457 ἀπεκρίνατο
970 369 1078 452 λέγων,
1100 369 1139 434 od
1162 364 1268 448 καλός·

46 465 312 560 ΒῆθολῑλΠέρσας
332 468 443 553 ἀξιοῦν
472 476 530 558 τῆς
556 475 735 556 μεταβολῆς
755 474 820 536 τῶν
844 466 1054 556 ἀνθρωπίνων
1074 466 1270 554 πραγμάτων

79 573 89 606 '
143 575 303 662 Ιιὲτέρους
321 576 524 657 μεμνῆσθαι,
553 570 649 637 ὁπότε
670 571 767 637 crisos*
786 572 901 655 καιροῦ
920 566 1207 651 ἐπιλαμβανόμενοι
1227 568 1268 633 od

175 676 334 744 παύονται
354 682 426 748 ταῖς
452 674 515 739 τῶν
547 665 728 758 ἀνθρώπων
757 677 941 757 συμφοραῖς
960 669 1161 750 ἐπικείμενοι.
1189 692 1269 749 „xo-

175 780 238 855 λοός
259 773 322 861 γάρ
342 773 399 840 καί
417 775 473 840 ἐπί
484 773 690 860 Βαλερτανοῦ
709 769 744 837 τό
761 773 876 858 μέτρον
895 770 951 855 τῆς
969 772 1055 856 νίκης
1075 767 1288 856 ἐφυλάξατεῤ
1345 841 1350 859 ,

175 879 290 951 οἵτινες
323 872 430 952 δόλοις
461 869 558 944 μάτόν
587 865 806 955 ἀπατήσαντος
834 871 1001 953 κατέσχετο
1021 869 1076 933 καί
1093 870 1193 953 μέχρι
1212 864 1270 955 γη-

174 1001 240 1062 ρως
260 970 398 1057 ἐσχάτου
420 970 477 1037 καί
494 971 639 1056 τελευτῆς
660 963 784 1050 ἀτίμου
798 969 856 1033 οάκ
876 966 1068 1049 ἀπελύσατε,
1097 961 1166 1032 εἶτα
1182 964 1268 1049 μετά

171 1074 310 1142 θάνατον
330 1075 461 1161 μυσαρᾷ
479 1096 541 1137 τινι
554 1071 650 1159 τέχνῃ
671 1066 708 1160 τό
729 1070 831 1156 δέρμα
850 1065 953 1134 αάτοό
974 1066 1170 1154 φυλάξαντες
1189 1071 1270 1151 θνη-

172 1178 218 1262 τῷ
239 1172 367 1256 σοι’ματι
388 1164 670 1255 ἀθόνατον,όβριν
690 1167 893 1254 ἐπηγάγιτε.”
934 1170 1038 1232 ταῦτα
1059 1162 1229 1241 διεξελθών
1250 1163 1268 1228 ό

171 1270 339 1359 βασιλεός,
376 1269 432 1336 καί
461 1268 558 1335 εἰπών
587 1263 702 1334 ἑαυτὸν
723 1269 967 1354 ἐπικαμφθῆναι
987 1267 1049 1349 οάχ
1069 1259 1117 1342 οἷς
1136 1267 1312 1352 Πέρσαιισ

173 1373 229 1439 dui
251 1376 308 1458 τῆς
327 1374 498 1457 πρεσβείας
517 1369 713 1453 όπέμνησαν,
735 1366 779 1443 ὥς
799 1369 873 1433 δέον
892 1363 972 1453 πρός
990 1363 1048 1442 τάς
1065 1365 1271 1452 ἀνθρωπίνας

176 1466 301 1563 ἀφορᾷν
320 1471 440 1557 τόχας,
464 1465 534 1557 (διό
554 1473 643 1534 τοῦτο
664 1466 724 1553 γὰρ
746 1470 869 1550 μᾶλλον
889 1464 1041 1553 καὶπρὸς
1062 1464 1157 1554 όργην
1171 1490 1273 1553 προσ-

30 1636 33 1642 .
97 1588 124 1640 Ρ.
135 1603 167 1659 ap
178 1577 264 1659 η’κειν
283 1576 463 1653 κινεῖσθαι,
483 1567 518 1635 εἴ
531 1594 579 1646 τις
598 1566 720 1654 πρόςά
747 1571 878 1649 Πέρσαι
906 1564 1107 1653 πεπράχασιν
1136 1560 1273 1651 ἀποβλέ-

174 1691 267 1756 ψειεν
275 1675 301 1761 ,)
334 1664 416 1735 ἀλλά
436 1676 501 1745 τοῖς
521 1671 586 1734 τοόν
607 1669 731 1733 οἰκείων
751 1661 912 1753 προγόνων
932 1664 1053 1750 ἴχνεσιν
1073 1668 1273 1748 ἀκολουθεῖν,

176 1768 224 1851 οἷς
243 1769 318 1849 ἔθος
340 1773 512 1858 φείδεσθαι
531 1769 591 1852 μὲν
610 1772 674 1834 τῶν
693 1766 851 1853 ὑπηκόων,
873 1765 1145 1852 καταμωνίζεσθαι
1157 1771 1194 1834 δὲ
1208 1771 1314 1840 τῶνιό

144 1912 148 1923 «
175 1872 461 1954 ἀντιταττομένων,
502 1871 646 1935 ἐκέλευσε
663 1871 708 1956 τῷ
728 1868 970 1957 πρεσβευομόνῳ
990 1870 1042 1956 τρῖ.
1055 1871 1126 1958 ι’δίρι
1146 1874 1278 1951 βασιλεῖ

174 1967 365 2057 ἀπαγγεῖλαι
383 1968 443 2056 τὴν
458 1969 627 2052 Ῥωμαίων
647 1968 891 2052 καλοκαγαθίαν,
912 1958 958 2033 ὧν
979 1971 1035 2052 τῆς
1049 1969 1166 2055 ἀρετῆς
1185 1971 1279 2036 ἐπει,

174 2072 281 2159 ράθη,
317 2072 374 2136 καί
394 2070 432 2134 od
454 2072 559 2156 πολλῷ
579 2065 713 2155 ὕστερον
733 2070 954 2154 προσελπίζιιν
975 2070 1051 2154 παρ’
1072 2066 1173 2134 αότόν
1193 2070 1274 2158 ἀφι-

176 2158 325 2255 ξομένους
345 2168 427 2235 κατὰ
447 2166 576 2256 γνώμην
595 2171 653 2234 τοῦ
672 2170 839 2251 βασιλέως.

37 2281 168 2348 lutri
259 2270 310 2355 ιγ’.
340 2266 413 2336 Ὅτι
433 2269 598 2348 Λικίννιος
620 2271 736 2352 πέμπει
756 2268 952 2355 πρεσβευτὴν
972 2268 1050 2356 πρὸς
1064 2274 1320 2342 Romane„

55 2357 235 2438 emittm
255 2366 461 2456 Μεστριανόν
481 2367 616 2453 κόμητα.
657 2367 790 2435 ἐλθόντα
813 2372 849 2435 δὲ
869 2367 924 2435 τόν
944 2367 1154 2455 Μεστριανόν
1174 2365 1191 2433 ό
1211 2375 1276 2453 βα-

175 2469 283 2546 σιλεός
302 2470 360 2534 ε’πί
375 2492 447 2535 τινα
464 2465 582 2555 χρόνον
602 2470 747 2556 διέσυρε.
786 2467 867 2552 μετό
889 2471 992 2536 ταῦτα
1022 2473 1059 2537 δὲ
1078 2468 1159 2556 πρός
1177 2493 1214 2537 τε
1234 2467 1271 2536 τό

247 2629 272 2683 5.
292 2629 476 2698 Βαλεριανοῠ
493 2627 539 2694 lit,
557 2628 731 2698 Γαλεριανοῦ
749 2628 822 2700 vulg.
897 2649 937 2687 sa.
954 2631 1096 2706 oponsius
1113 2631 1186 2705 vulg.
1233 2631 1275 2688 si.

246 2698 436 2769 ἀποβλέψειεν
455 2700 506 2765 lt,
523 2698 700 2770 όπορλεψειν
715 2700 789 2770 vulg.
862 2701 869 2730 ¹

174 2853 286 2919 petere,
310 2854 342 2900 ut
367 2845 418 2899 alii
445 2843 588 2897 varietatis
611 2848 640 2906 et
656 2844 860 2898 inconstantiae
884 2861 974 2898 rerum
1004 2845 1186 2898 humanarum
1212 2861 1275 2898 me·

173 2920 335 2980 minissent,
356 2918 460 2988 quippe
478 2915 527 2986 qui
545 2914 620 2983 ipsi,
641 2931 703 2968 cum
719 2916 856 2969 secundae
882 2932 924 2969 res
942 2917 1001 2970 illis
1018 2917 1200 2986 contigerint,
1219 2915 1275 2967 ho-

174 2990 280 3042 minum
310 2986 513 3040 calamitatibus
537 2987 610 3037 ultro
637 2987 740 3038 instare
763 3003 821 3038 non
849 2984 1022 3040 desisterent.
1058 2987 1149 3049 „Belle
1167 2986 1277 3040 scilicet

175 3058 305 3111 adversus
324 3058 502 3110 Valerianum
519 3054 735 3111 moderationem
754 3059 784 3108 in
811 3057 925 3110 victoria
945 3059 1082 3111 tenuistis.
1118 3058 1187 3110 Nam
1206 3057 1275 3111 dolo

176 3144 240 3181 eum
258 3127 379 3198 cepistis,
398 3127 567 3196 etusquead
585 3136 734 3180 extremam
753 3136 922 3181 senectutem
940 3136 969 3181 et
986 3137 1102 3183 mortem
1119 3137 1228 3200 turpem
1245 3137 1278 3181 et

176 3198 288 3252 foedam
300 3215 357 3250 uon
377 3197 529 3252 dimisistis.
565 3192 662 3250 'Etiam
688 3207 883 3268 postmortem
901 3198 1007 3251 nefaria
1028 3209 1086 3253 arte
1105 3209 1194 3252 cutem
1213 3200 1277 3253 eius

21 3336 22 3339 Ἴ
177 3269 383 3333 custodientes,
402 3268 511 3320 mortali
530 3271 637 3339 corpori
662 3270 844 3322 immortalem
864 3271 1042 3340 ignominiam
1060 3271 1224 3323 inussistiw
1241 3272 1278 3324 In

73 3346 86 3385 t·
176 3343 231 3394 ista
249 3340 385 3410 digressus
403 3340 614 3407 estimperator,
631 3346 660 3392 et
680 3340 761 3403 dixit,
780 3356 809 3391 se
826 3341 939 3412 quidem
956 3341 1030 3395 flecti
1050 3359 1107 3396 non
1127 3340 1179 3406 his,
1201 3359 1277 3412 quo-

178 3429 239 3467 rum
258 3410 354 3464 Persae
372 3412 401 3464 in
420 3410 558 3481 legatione
576 3413 745 3464 mentionem
765 3410 1049 3482 fecerant,'oportere
1066 3415 1096 3465 in
1111 3429 1201 3466 rerum
1220 3410 1277 3463 hu·
1357 3424 1360 3425 ’

177 3499 321 3535 manarum
339 3484 499 3535 varietatem
517 3481 638 3548 intueri3
657 3480 705 3552 (ob
720 3481 773 3534 hoe
791 3483 864 3535 enim
883 3484 907 3534 si
945 3485 987 3535 uis
1007 3484 1043 3536 ad
1061 3501 1103 3549 ea,
1123 3500 1194 3556 quse
1212 3483 1279 3535 Per·

178 3570 226 3605 sse
244 3554 447 3614 commiserint,
469 3549 610 3616 advertat,
630 3562 759 3621 oportere
782 3553 813 3606 in
842 3555 910 3605 iram
925 3501 1019 3625 ιόεπὴ)
1038 3554 1088 3606 sed
1104 3572 1133 3607 se
1151 3553 1277 3621 vestigiis

178 3625 314 3678 maiorum
332 3624 475 3686 insistere,
503 3619 604 3693 quibus
627 3639 686 3676 mos
704 3624 789 3676 suerit
807 3640 919 3693 parcere
937 3624 1070 3678 subiectis
1088 3635 1117 3679 et
1135 3625 1278 3681 debellare

178 3696 335 3763 superbos,
366 3695 462 3764 ltaque
486 3692 567 3744 iussit
591 3709 672 3757 eum,
692 3696 749 3816 plui
774 3696 912 3764 legatione
939 3695 1119 3766 fungebatur,
1144 3697 1201 3769 regi
1225 3713 1278 3750 suo

179 3765 363 3818 Romanorum
387 3763 627 3817 mansuetudinem
645 3770 674 3817 et
718 3769 882 3831 ementiam,
901 3783 1018 3836 quorum
1036 3767 1146 3820 virtutis
1164 3771 1279 3839 perieu-

179 3835 238 3886 lum
257 3837 384 3898 fecisset,
405 3833 582 3897 renuntiare,
600 3842 630 3886 et
654 3850 730 3903 spem
753 3836 858 3899 facere,
881 3854 937 3890 noa
955 3837 1044 3889 multo
1060 3846 1124 3907 post
1141 3841 1216 3904 fore,
1235 3845 1280 3902 ut,

180 3907 329 3975 impetrata
347 3904 382 3956 ab
401 3907 569 3975 Imperatore
595 3905 687 3967 venia,
707 3907 807 3975 captivi
827 3909 968 3976 adipsum
987 3908 1118 3962 redirent

256 3980 297 4032 13.
332 3976 475 4028 Licinnius
498 3973 619 4043 legatum
641 3975 677 4025 ad
701 3975 913 4030 Constantinum
937 3979 1117 4035 Mestrianum
1143 3979 1281 4036 Comitem

182 4044 286 4111 mittit,
303 4062 386 4117 quem
406 4045 613 4108 Constantinus,
632 4062 692 4097 cum
710 4047 745 4100 sd
763 4064 792 4101 se
812 4051 942 4115 venisset,
959 4051 1041 4122 longo
1060 4060 1186 4122 tempore
1203 4050 1282 4104 deti·

184 4116 256 4171 nuit.
290 4115 416 4173 Tandem
434 4132 519 4189 quum
536 4113 573 4168 ad
590 4116 710 4172 incertos
731 4116 800 4172 belli
819 4136 895 4175 cassu
910 4121 1031 4178 animum
1047 4122 1196 4190 adiiceret,
1212 4123 1283 4195 quis
