2782 5100
237 237 314 341 142
668 256 882 328 menime

14 421 15 425 ’
90 421 219 495 λαληη
311 416 349 504 γ’.
383 411 452 484 Ὅτι
470 413 553 499 μετὰ
572 414 630 502 τὴν
649 417 684 481 ἒν
705 416 900 505 Χερρονήσῳ
920 412 1029 501 μῦχην
1044 410 1214 501 Ῥωμαίων
1233 413 1314 507 πρὸς

84 493 371 635 Tffljfflivvws
391 518 526 601 ε’γίνοντο
546 513 602 580 καὶ
629 512 664 580 αἱ
684 515 875 598 συμβάσεις,
902 516 1083 582 Ἀνατολαλιυ
1114 523 1314 605 πρεσβευσα·

152 634 220 707 Vnt
227 621 335 702 μένου.
354 616 410 682 κατ’
427 619 482 682 ἐπὶ
500 617 605 681 τοίσδε
624 616 817 696 ἐσπένδοντο,
839 609 923 691 ὅπως
937 617 1096 683 ἐκδοδεῖεν
1108 621 1169 701 μὲν
1187 613 1227 684 ἂν
1246 626 1314 696 τοῖς

233 710 368 792 Οῦννοις
389 714 420 781 οἱ
441 710 598 803 φυγάδες,
639 711 696 778 καί
725 716 758 791 ’ἔξ
775 713 920 797 χιλιάδες
936 717 1072 802 χρυσίου
1093 721 1208 803 λιτρῶν
1227 717 1312 803 ῦπδρ

228 819 291 884 νῦν
318 812 418 880 πάλαι
437 810 615 894 συντάξεων
643 815 768 878 δοθεῖεν
788 807 915 891 αῦτοῑς.
957 809 1055 901 φόρον
1073 818 1110 882 δὲ
1131 814 1221 892 ἔτους
1240 806 1337 881 ἑκά-δ,

230 937 309 982 στου
331 915 489 998 δισχιλίοις
508 910 565 978 καί
582 906 695 978 boris
723 915 832 998 λίτρας
848 915 977 998 χρυσοῦ
996 938 1107 1001 σφισιν
1127 917 1315 999 τετυμμένω

228 1011 320 1082 εἶναι.
361 1013 441 1096 ῦπὲρ
464 1014 500 1077 δὲ
521 1010 727 1096 αἰχμαλώτου
753 1013 920 1095 Ῥωμαίου
939 1015 1110 1100 φεύγοντος
1130 1016 1185 1080 καί
1202 1016 1236 1090 ἒς
1255 1011 1314 1100 τὴν

201 1116 387 1202 υσφιτίραν
407 1113 464 1195 γῆν
484 1103 560 1176 sisso
581 1106 706 1197 λῦτρυιν
726 1112 939 1194 διαβαίνοντος
965 1108 1087 1177 δώδεκα
1106 1116 1248 1200 χρυσοῦς
1267 1109 1314 1180 εἶ-

225 1198 279 1279 ναι
298 1209 500 1297 α’ποτίμησιν·
540 1207 586 1295 μή
615 1204 864 1293 καταβάλλοντας
896 1213 931 1276 δὲ
957 1208 1033 1288 τοῦς
1058 1212 1315 1296 ὑποδεχομένους

225 1308 388 1376 ἐνδιδόναι
418 1306 476 1375 τὸν
503 1307 683 1396 φεύγοντα.
722 1311 844 1395 μηδένα
873 1312 910 1375 δὲ
939 1311 1104 1397 βάρβαρον
1127 1308 1356 1394 Ῥωμαίουςιο

225 1407 306 1475 κατὰ
334 1411 420 1496 σφοῖς
446 1410 604 1496 φεύγοντα
631 1410 808 1493 δέχεσθαι.
848 1406 969 1488 ταῦτας
988 1414 1235 1496 προσεποιοῦντο
1254 1414 1316 1493 μὲν

225 1510 393 1576 ἐθελονταί
416 1508 581 1590 Ῥωμαῖοι
610 1506 667 1585 τὰς
693 1506 857 1593 συνθήκας
875 1511 1041 1575 cedendas·
1082 1505 1197 1600 οἷνοὶγκη
1219 1513 1255 1576 δὲ
1275 1505 1317 1575 ῦ-

226 1606 433 1695 περβάλλοντι,
462 1609 547 1690 δέει,
582 1603 660 1694 ὅπερ
682 1618 810 1691 κατεῖχε
838 1607 913 1684 τοῦς
940 1613 1033 1697 σφῶν
1052 1600 1223 1697 ῦρχοντας,
1251 1614 1316 1675 πᾶν

224 1710 382 1791 ἐπίταγμα
402 1707 512 1792 καίπερ
534 1699 571 1771 ds
591 1701 754 1790 χαλεπὸν,
775 1715 884 1790 τυχεῖν
902 1710 957 1794 τῆς
977 1706 1101 1795 εἰρήνης
1120 1708 1317 1777 ἐσπουδακό-

224 1830 284 1889 τες,
305 1808 488 1892 ἠσμένιζον,
523 1807 580 1870 καί
598 1803 658 1889 τήν
677 1808 741 1871 τῶν
762 1805 870 1894 φόρων
889 1803 1036 1884 σῦνταξιν
1054 1808 1236 1894 βαρυτάτην
1256 1798 1358 1876 ori-15

223 1931 285 1973 σαν
304 1908 482 1993 προσίεντο,
503 1908 565 1971 τῶν
583 1902 757 1991 χρημάτων
777 1907 884 1982 αυτοῖς
901 1904 962 1991 1ποί
979 1910 1043 1972 νῦν
1063 1912 1233 1990 βασιλικῶν
1251 1910 1316 1993 θη-

147 2011 359 2092 Ριλὸσαυρῦν
397 2002 455 2069 οῦκ
492 2004 537 2081 εἰς
567 2006 638 2070 δέον
679 2005 997 2091 ἐκδεδαπανημένων,
1030 2002 1110 2072 titt
1142 2010 1216 2091 περί
1233 2009 1316 2081 θέας

221 2100 361 2183 ἀτόπους
379 2107 436 2171 καί
463 2105 646 2192 φιλοτιμιλις
670 2102 730 2168 οῦν
755 2099 905 2188 εὐλόγους
924 2107 981 2170 καί
999 2095 1115 2190 ἡδονὰς
1135 2107 1191 2171 καί
1209 2101 1317 2170 δαπά-

221 2188 1316 2291 mfflwQQfflQffldwmmwffimi

219 2305 372 2392 πραγίαις
391 2299 564 2389 ῦποσταίη,
598 2297 644 2388 μὴ
664 2304 699 2368 τί
714 2326 750 2386 γε
771 2301 809 2386 δὴ
833 2301 863 2368 oi
885 2307 950 2369 τῦν
973 2298 1078 2369 ὅπλων
1098 2297 1360 2389 ὄλιγοτρὴσαν-υο

219 2427 281 2485 τις,
300 2397 381 2468 uiues
398 2399 444 2488 μη
463 2399 560 2483 μόνον
575 2401 725 2480 Σιῦδαις,
747 2398 829 2465 α’λλιὶ
850 2397 911 2488 γοὶρ
933 2400 1073 2480 καὶτοῖς
1091 2408 1212 2478 λοιποῖς
1230 2406 1317 2487 βαρ-

221 2498 335 2591 βάροις
355 2511 422 2577 τοῖς
440 2502 650 2587 παροικοῦσιν
670 2498 729 2585 την
754 2501 929 2583 Ῥωμαίων
951 2498 1122 2568 insector
1143 2505 1189 2581 είς
1210 2499 1313 2588 φόρου

276 2679 317 2720 rr.
335 2658 415 2739 παρὰ
439 2664 518 2734 σφᾶς
539 2660 612 2714 coni.
632 2661 661 2712 B.
707 2678 746 2715 ro.
762 2658 794 2713 δὲ
810 2663 861 2714 καὶ
877 2658 975 2735 ῦπερβ.
991 2662 1028 2721 Ν.

287 2801 313 2855 3.
347 2799 410 2853 Post
426 2814 545 2871 pugnam
563 2799 593 2851 in
611 2797 781 2853 Chersoneso
799 2800 968 2853 commissam
993 2800 1108 2853 Romani
1125 2815 1186 2852 cum
1200 2798 1315 2851 {tunnis

216 2885 311 2941 pscem
327 2888 378 2941 per
391 2870 549 2924 Anatolium
568 2870 687 2938 legatum
711 2870 845 2932 fecerunt,
864 2879 892 2923 et
909 2873 939 2923 in
956 2871 1006 2924 hos
1025 2870 1197 2924 conditiones
1212 2885 1314 2922 convc-

217 2949 332 2995 nerunt:
351 2941 481 3010 profugos
499 2940 607 2992 Hunnis
625 2941 719 3003 reddi,
743 2957 791 2994 sex
808 2940 896 2992 millia
920 2944 980 2994 euri
1004 2942 1137 2994 librarum
1161 2953 1210 3011 pro
1229 2954 1313 3007 pree·

216 3013 307 3065 teritis
333 3012 478 3080 stipendiis
503 3011 590 3078 solvi3
608 3010 662 3063 dno
685 3010 774 3063 miliia
801 3019 830 3064 et
853 3019 962 3064 centum
986 3013 1016 3064 in
1034 3019 1174 3081 posterum
1194 3009 1312 3078 singuiis

217 3083 297 3134 annis
322 3081 421 3133 tributi
443 3081 555 3133 nomine
571 3080 664 3149 pendi.
701 3084 751 3136 Pro
774 3098 943 3153 unoquoque
966 3083 1073 3152 captivo
1094 3083 1230 3140 Romano,
1259 3078 1310 3148 qui

216 3153 249 3204 in
266 3153 447 3204 Romanorum
466 3153 543 3214 fines,
560 3169 616 3204 non
633 3151 723 3204 soluto
742 3152 939 3222 redemptionis
958 3155 1058 3221 pretio,
1077 3153 1215 3211 evasisset,
1236 3148 1309 3202 duo·

217 3221 307 3274 decim
326 3236 470 3273 aureorum
495 3221 624 3273 mulctum
653 3223 758 3274 inferri.
796 3223 875 3291 Quae
895 3224 918 3273 si
937 3240 993 3275 non
1011 3223 1177 3283 solveretur,
1194 3221 1243 3290 qui
1262 3236 1309 3271 ca-

215 3294 324 3364 ptivum
342 3293 499 3361 recepisset,
519 3290 664 3344 restituere
683 3295 781 3345 teneri.
815 3294 950 3344 Romanos
975 3292 1115 3343 neminem
1132 3305 1167 3341 ex
1181 3290 1309 3342 barbaris

216 3363 253 3415 ed
272 3380 301 3415 se
319 3361 520 3430 confugientem
538 3359 691 3414 admittere.
727 3364 760 3414 In
783 3362 831 3415 bos
849 3362 961 3434 quidem
986 3360 1128 3414 foederum
1152 3360 1225 3430 leges
1252 3363 1309 3411 iio-

214 3436 292 3487 msni
310 3439 408 3503 sponte
426 3431 690 3485 consensissevideri
706 3435 844 3487 volebant:
862 3431 911 3486 scd
928 3433 1091 3484 necessitrte
1109 3433 1204 3494 coacti,
1222 3448 1310 3501 supc-

215 3514 295 3560 rente
313 3511 406 3566 metu,
423 3505 471 3586 qui
490 3502 670 3555 Romanorum
694 3502 794 3556 ducum
819 3511 925 3556 mentes
944 3511 1141 3571 occupaverat,
1158 3509 1309 3570 quantum-

214 3578 256 3629 vis
275 3575 355 3628 duros
379 3581 408 3625 et
434 3574 543 3644 iniquas
561 3574 732 3627 conditiones
749 3575 803 3627 sibi
830 3576 973 3644 impositos
990 3589 1096 3625 summo
1115 3574 1189 3640 pacis
1207 3588 1310 3624 conse-

215 3645 343 3720 quendae
360 3643 452 3697 studio
469 3643 545 3696 ducti
563 3643 725 3697 lubentibus
743 3646 841 3698 animis
859 3653 1055 3712 susceperunt,
1074 3652 1102 3696 et
1119 3644 1309 3711 gravissimum

213 3717 349 3771 tributum
372 3713 493 3787 pendere
517 3732 574 3768 non
592 3715 770 3781 recusabant,
794 3730 955 3787 quemquem
979 3730 1045 3782 opes
1063 3715 1173 3781 imperii
1191 3721 1220 3766 et
1238 3715 1310 3784 regii
1334 3733 1341 3740 ·

213 3789 336 3841 thesauri
355 3803 411 3837 non
429 3784 465 3837 ud
482 3787 648 3855 necessarios
670 3804 751 3849 usus,
775 3788 823 3839 scd
842 3790 872 3838 in
890 3784 1006 3838 absurde
1023 3784 1196 3854 spectaculo,
1209 3786 1240 3838 in
1257 3802 1310 3836 ve-

215 3877 265 3912 nos
287 3861 421 3911 honorum
445 3857 572 3918 ambitus,
591 3859 620 3908 in
645 3857 806 3909 immodicas
831 3857 985 3924 voluptates
1010 3864 1038 3906 ct
1055 3857 1213 3924 largitiones
1239 3870 1308 3906 con-

173 3989 175 3997 ,
214 3938 338 3999 sumptae
359 3929 482 3991 suerunt,
500 3927 596 3998 quoles
613 3942 694 3978 nemo
713 3944 793 3979 senne
811 3929 910 3980 mentis
934 3927 978 3977 vel
1004 3927 1033 3977 in
1051 3928 1168 3977 maxime
1186 3925 1307 3976 affluen-

214 3999 291 4051 tibus
309 3999 467 4051 divitierum
484 3999 571 4067 copiis
588 3999 750 4060 sustineret,
768 3997 869 4049 nedum
890 3997 1002 4048 Romani
1020 3996 1084 4058 isti,
1104 3997 1153 4065 qui
1171 3996 1210 4045 rei
1229 3992 1306 4043 mili-⁴

214 4068 282 4120 teris
301 4069 421 4120 studium
440 4066 510 4119 edco
537 4067 728 4136 neglexerant,
754 4075 857 4118 utnon
875 4067 963 4118 solum
982 4066 1104 4132 Scythis,
1122 4062 1169 4114 sed
1189 4068 1217 4113 et
1235 4064 1305 4115 reli·

216 4137 279 4211 quis
311 4135 451 4202 barbaris,
471 4138 520 4205 qui
547 4141 683 4206 proximas
710 4137 818 4205 imperii
842 4137 955 4187 Romani
977 4134 1102 4202 regiones
1125 4132 1307 4197 incolebant,
