2738 5228
148 258 150 262 Α
241 209 324 326 578
518 238 692 304 amnem
718 237 856 303 exuam
885 236 1023 303 noma

236 398 409 539 Diaconlus,
432 398 495 459 sive
519 401 618 480 patim
643 397 810 458 Landullus
833 397 928 479 Sagax
958 392 1165 457 Miscellarum
1198 390 1321 454 histori-

238 500 324 539 arum
361 481 401 540 ib.
430 503 438 540 1
467 527 475 542 .

321 480 609 647 Pag·16iA·[47¹‚
628 561 689 645 ¹4]
718 562 830 622 Heliou
851 562 996 642 Magister
1014 557 1179 641 ‹fficiorum
1208 570 1239 618 et
1259 556 1318 618 Pa-

237 649 345 706 tricius.
388 647 522 708 llelionis
540 647 629 706 huius
649 648 785 705 meminit
804 646 939 706 Socrates
957 656 1022 704 tum
1039 644 1094 704 lib.
1112 666 1143 725 7.
1156 662 1226 722 cap.
1245 661 1319 718 ao,

237 730 290 789 ubi
311 730 442 811 legatum
461 732 499 791 ad
517 730 623 791 Persas
647 731 760 808 refert,
775 740 809 788 ut
825 750 894 788 eum
909 728 967 789 illis
984 748 1089 809 pacem
1111 725 1318 787 constitueret:

236 809 350 888 πέμπει
368 803 595 890 οὖοἩλίωοα,
621 801 746 892 ἄνδρα,
769 804 805 872 ὃν
829 806 912 871 πάνυ
935 805 986 871 dcci
1012 808 1104 889 τιμῆς
1133 799 1230 888 ἦγεν,
1256 818 1320 866 tum

238 894 334 955 eiusd.
357 894 426 956 libri
443 919 510 978 cap.
536 895 607 975 24,
642 895 715 955 dum
732 895 946 955 Valentiniano
966 895 1088 955 missam
1111 915 1130 953 a
1147 889 1321 951 Theodosio

239 977 418 1039 consobrino
429 1001 570 1040 coronam
585 980 805 1061 imperatoriam
818 989 956 1038 testatur.
980 976 1186 1059 Corrigendus
1199 977 1319 1034 interim

237 1061 431 1142 Theophanis
446 1061 527 1123 locus
542 1065 571 1123 in
588 1063 652 1125 MS.
666 1074 769 1123 nostro
786 1062 889 1122 codice
900 1106 909 1137 ‚
922 1062 1008 1120 cuius
1024 1060 1099 1121 haec
1120 1070 1195 1120 sunt
1207 1056 1316 1118 verbar

240 1142 409 1216 Θεοδόσιος
445 1141 498 1206 dui
525 1137 644 1226 Λὴϊνος
667 1142 832 1224 πατρικίου
861 1142 1016 1225 στέφανον
1037 1139 1202 1220 βασιλικὸν
1225 1133 1318 1215 ἔπεμ-

237 1240 299 1302 ψεν
323 1227 364 1308 τῷ
397 1219 643 1312 Οὔολεντιοςαοῷ
676 1221 857 1311 ἒνῬώμῃε
890 1226 988 1288 scribe
1016 1222 1192 1301 Ἡλίωοος,
1213 1233 1248 1282 ut
1275 1243 1318 1283 ret

239 1311 304 1388 ipsa
322 1309 467 1390 loquitur,
479 1385 480 1391 ἵ
493 1333 676 1393 quamquam
696 1310 871 1371 Anastasius
882 1308 1133 1369 Bibliothecarius
1153 1318 1185 1368 et
1200 1306 1318 1366 Miscel-

239 1389 285 1451 lae
300 1392 416 1452 Auctor
445 1397 621 1455 sententiam
644 1397 731 1454 istam
756 1397 995 1477 praeterierint.¹
1018 1391 1225 1472 Corrigendus
1244 1410 1316 1471 quo-

237 1497 296 1556 que
322 1478 366 1550 is,
389 1478 478 1557 quem
509 1501 576 1537 mox
610 1477 777 1558 appellavi,
813 1477 1008 1549 Anastasius,
1044 1474 1118 1535 dum
1153 1473 1318 1533 lleleonem

237 1569 355 1618 vocat:
391 1561 487 1620 Mittit
516 1562 673 1642 legatarios
702 1560 864 1620 Heleonem
888 1557 1076 1633 Patrieitm,
1109 1578 1198 1642 quem
1231 1556 1318 1615 mide

236 1639 439 1701 honorandum
455 1645 585 1720 diteebat,
603 1645 677 1722 [uon
700 1643 824 1719 dicebat,
838 1654 872 1703 ut
889 1651 1083 1702 excusumest
1098 1642 1128 1700 in
1147 1637 1282 1699 Miscella
1293 1635 1317 1720 ,]

236 1735 265 1780 ct
288 1722 481 1801 Anatolimn,
510 1728 639 1787 Orientis
664 1726 824 1807 Stratigon.
866 1726 934 1785 Scio
955 1726 1109 1784 Socratem
1123 1723 1165 1782 de
1187 1734 1319 1802 tempore

235 1807 344 1865 missae
366 1807 446 1870 illius
463 1810 502 1869 ad
527 1812 689 1870 Persarum
711 1831 811 1891 regem
843 1808 998 1891 legationis
1033 1827 1105 1866 cum
1133 1805 1317 1886 Theophane

236 1889 362 1970 eiusque
383 1892 595 1974 interpretibus
615 1914 675 1952 non
697 1895 873 1952 convenire.
912 1892 1028 1951 Verum
1043 1890 1122 1949 hane
1142 1888 1229 1949 litem
1249 1888 1318 1947 diri·

235 1992 318 2031 mere
340 1987 464 2036 nonest
488 1976 579 2036 huius
598 1995 725 2056 operae,
750 1997 841 2057 φιοιο
855 1975 945 2035 modo
964 1975 1094 2055 aggressi
1115 1991 1235 2031 sumus.
1270 1969 1315 2030 Ad

236 2054 405 2116 Candidum
442 2062 543 2141 itaque
576 2062 663 2141 cique
694 2059 871 2121 adiunctum
899 2057 1116 2141 Theophanem
1143 2055 1317 2139 Byzantium

235 2147 432 2205 transemirus.
901 2142 902 2148 '

636 2317 920 2334 m

17 2431 37 2510 .'
137 2407 232 2513 aas
477 2449 818 2527 nonnemo
860 2448 1087 2526 rsxuno.

320 2609 492 2671 Candidum
513 2633 548 2671 ex
567 2610 767 2671 Tracheotide
788 2613 851 2671 sive
881 2632 987 2693 aspera
1004 2610 1119 2670 isauria
1143 2611 1311 2685 oriundum,

235 2693 348 2757 ibidem
372 2696 535 2775 exceptoris
566 2697 714 2757 notariire
737 2693 835 2754 officio
860 2695 941 2777 apud
963 2695 1158 2783 magistratus
1184 2695 1311 2754 sunctum

235 2779 326 2840 fuisse
340 2799 374 2836 ac
386 2775 529 2859 religione
541 2778 745 2839 Christianum
757 2776 1068 2858 Chalcedonensisque
1080 2777 1202 2860 Synodi
1222 2779 1310 2838 delen·

234 2883 333 2923 sorem
347 2865 527 2920 acerrimum
549 2864 712 2943 praemittit
729 2861 879 2940 Photius‚
902 2862 1008 2942 quiin
1033 2862 1097 2920 eius
1116 2860 1234 2943 stylum
1254 2860 1310 2942 plu·

234 2944 320 3005 ribus
340 2965 498 3004 censuram
509 2944 600 3025 paulo
615 2956 684 3027 post
705 2956 832 3005 exercet.
876 2944 938 3029 blec
960 2944 1049 3025 plura
1066 2945 1104 3005 de
1132 2966 1169 3006 eo
1194 2942 1309 3028 praefari

233 3025 285 3087 hic
299 3048 479 3109 possumus,
502 3049 572 3088 cum
598 3027 682 3088 nulla
705 3029 797 3110 ipsius
818 3027 898 3110 apud
923 3039 1036 3088 ceteros
1058 3030 1225 3110 scriptores
1249 3027 1309 3086 hae·

233 3119 322 3170 tenus
339 3109 441 3169 oblata
456 3113 494 3171 sit
507 3113 631 3171 mentio.

318 3192 396 3273 Pag.
417 3192 515 3274 17.A.
531 3193 620 3276 [epm
635 3192 680 3274 a]
702 3191 796 3256 Λέων
822 3183 863 3274 ἢν
886 3192 920 3255 ἐκ
938 3191 1131 3274 Δακιόςτῆς
1157 3191 1194 3253 ἐν
1218 3190 1310 3255 ‘tua

235 3277 324 3356 ριοῖς.
364 3277 491 3335 Daciam
520 3281 612 3337 luisse
635 3277 806 3358 duplicem,
835 3276 1184 3336 Trans-Dauubianam
1212 3276 1311 3339 scilicet

234 3359 299 3419 sive
314 3369 465 3432 veterem,
483 3381 575 3440 quam
589 3361 732 3420 Gothiam
748 3349 782 3421 ab
802 3360 960 3440 Gepidiam
977 3380 1032 3418 suo
1048 3370 1191 3441 tempore
1212 3361 1311 3420 dictam

235 3441 348 3502 fatetur
375 3440 557 3520 lornandes,
587 3453 617 3502 et
648 3464 758 3503 novam
787 3446 828 3503 eis
847 3443 1024 3502 Danubium
1046 3445 1160 3520 sitam,
1193 3445 1226 3503 in
1249 3442 1312 3502 dias

186 3538 188 3540 ’
257 3536 359 3602 ostes,
375 3525 537 3606 Ripensem
558 3525 889 3608 Mediterraneamque,
909 3525 1037 3586 divisam
1062 3539 1184 3587 norunt
1202 3523 1311 3587 eruditi.

233 3544 321 3669 llaec
341 3605 380 3666 ad
401 3610 511 3689 prioris
525 3609 746 3670 distinctionem
768 3609 892 3671 Δακίαν
915 3602 972 3687 τήν
998 3607 1033 3668 ἐν
1055 3604 1238 3686 Ἰλλυριοῖς,
1259 3609 1313 3667 Da·

233 3694 311 3752 eiam
333 3688 485 3773 Illyricam
493 3704 586 3753 uocat
604 3693 667 3752 sive
682 3693 810 3752 Photius
827 3739 835 3764 ,
853 3696 916 3753 sive
936 3695 961 3750 is
978 3693 1066 3752 cuius
1085 3691 1185 3752 verba
1204 3702 1312 3754 senten·
1351 3727 1352 3730 =

232 3774 349 3856 tiasque
366 3776 508 3857 excerpit,
528 3774 693 3848 Candidus,
710 3778 762 3857 qui
783 3774 880 3835 tribus
896 3773 981 3835 libris
992 3773 1156 3835 historiam
1174 3793 1312 3837 annorum

234 3857 284 3922 35.
303 3856 474 3938 complexus
494 3869 550 3918 est.
594 3857 734 3919 Totidem
753 3862 864 3941 quippe
881 3856 1031 3918 ssuxerunt
1058 3857 1100 3918 ab
1120 3881 1207 3921 anuo
1219 3855 1313 3919 Domi·

232 3939 293 4001 nici
328 3939 444 4001 Natalis
468 3939 556 4023 457,
579 3943 687 4023 (quo,
716 3942 816 4002 studio
844 3942 1023 4022 praesertim
1043 3940 1188 4023 Asparis,
1218 3958 1313 4027 genere

233 4020 349 4095 Alani,
373 4022 558 4096 Ardaburii‚
580 4024 618 4085 de
647 4045 708 4107 quo
731 4024 770 4085 ad
788 4023 1044 4106 Olympiodorum
1069 4026 1227 4104 diximus,
1252 4023 1313 4094 filii.

233 4104 389 4166 Marciano
397 4105 534 4189 Augusto
556 4107 697 4170 suffectus
714 4118 758 4170 cst
778 4110 840 4170 Leo
857 4109 1049 4191 mperatum)
1065 4110 1226 4192 usquead
1245 4111 1312 4172 taut·
