2774 5106
358 609 627 674 numanum
657 608 864 674 ursrouut.
1071 582 1154 697 307

74 787 136 830 στα
156 758 409 847 στοχασάμενος,
438 760 557 844 ἔλεξεν,
579 761 623 838 ὥς
637 761 679 829 ’τά
702 761 814 828 λοιπὸν
835 762 874 826 οδ
893 760 999 848 χρεάν
1018 758 1304 850 ductori-1155&

74 866 210 928 πτεσθαι
230 858 282 927 τὸν
301 860 494 946 στρατηγὸν,
514 858 635 944 μᾶλλον
654 865 715 945 μὲν
734 855 791 929 σάν
813 863 846 938 ἐς
865 860 904 927 τά
925 860 986 942 ε’ξα
1006 863 1086 928 ἰέναι
1104 845 1291 968 &effipiam

73 962 196 1046 πόλεως
214 964 271 1025 καί
288 963 320 1038 ἐς
341 955 418 1045 ὄψιν
438 964 581 1046 γίνεσθαι
605 957 884 1049 τῶνβαρβάρων.
924 965 980 1026 καί
999 959 1186 1051 φαρμάκηις

72 1059 139 1124 τινά
156 1057 191 1125 πά
212 1063 299 1136 ἕλκος
318 1062 517 1146 περιστείλας
546 1062 680 1149 οἶφάησιν
699 1062 819 1127 αάτόν.
860 1058 916 1126 καί
934 1057 974 1146 δὴ
995 1059 1160 1146 προελθών

50 1154 91 1222 5ά
111 1160 238 1240 Boione,
260 1159 361 1242 α’γχοῦ
381 1183 415 1223 τε
438 1164 501 1225 τάν
521 1160 693 1248 βαρβάρων
712 1158 892 1245 γενόμενος,
912 1160 1014 1246 ἐφάνη
1042 1163 1137 1245 optor*
1147 1207 1158 1226 .

72 1255 144 1324 τότε
166 1256 195 1323 oi
215 1262 363 1344 πρέσβεις
382 1258 490 1325 τοιάδε
517 1261 674 1351 άμοιβαιλρ
694 1263 739 1350 τῷ
760 1257 840 1348 λόγῳ
861 1257 1004 1346 ἔφασαν·
1035 1262 1158 1341 „roien

73 1357 170 1444 ἡμῖν,
202 1350 421 1440 οἷῬωμαῖοι,
456 1361 664 1445 διαλεχθῆναι
685 1357 764 1446 πρὸς
792 1360 876 1442 ὑμᾶς
898 1357 915 1424 o‘
936 1360 998 1424 τῶν
1011 1351 1160 1443 Ἀβάραν

72 1458 218 1522 ἐκέλευσε
237 1455 406 1541 δεσπότης·
425 1457 471 1542 μή
491 1482 548 1541 μοι
567 1461 691 1541 μέμψιν
710 1456 781 1524 τινά
804 1455 1001 1543 ποιήσασθαι
1021 1452 1159 1539 πόλεμον

73 1556 241 1647 άραμένιρ·
285 1556 377 1638 ὑμεῖς
395 1556 457 1644 γάρ
479 1561 600 1645 πρῶτοι
618 1557 676 1644 τὴν
697 1559 803 1624 αἰτίαν
822 1560 881 1623 τοῦ
901 1559 1037 1639 πολέμου
1060 1554 1160 1620 δεδά-

15 1670 166 1720 Ισκατσ.
208 1661 331 1732 πολλοῖς
345 1655 406 1742 γάρ
419 1655 523 1734 πάνοις
544 1655 717 1743 ὁμιλήσας,
739 1656 794 1724 καὶ
813 1655 991 1740 ἀποδημίας
1012 1654 1073 1738 οὐχ
1092 1650 1163 1740 ἥκι-

71 1778 130 1820 στα
150 1755 377 1839 ποιησάμενος,
397 1759 488 1839 μόλις
507 1756 725 1843 ἐχειρωσάμην
745 1755 864 1842 ταύτην
881 1755 939 1841 τὴν
956 1752 1079 1842 χάραν,
1099 1757 1232 1844 καίνφ

70 1852 164 1935 ὑμεῖς
185 1851 357 1940 άφειλεσθέ
375 1879 432 1938 μοι
450 1857 564 1939 βιαίως
584 1853 701 1941 αὐτην.
754 1854 833 1943 πρὸς
852 1867 919 1934 τοῖς
938 1843 994 1920 καὶ
1011 1855 1066 1920 τάν
1088 1854 1186 1925 Ori-1)

71 1950 231 2038 σδὴβαδον
256 1956 301 2041 τῷ
324 1957 386 2020 τῶν
404 1954 611 2040 δοροαλάτων
630 1953 789 2042 άνηκοντά
811 1978 868 2038 μοι
889 1953 975 2044 νάμιρ
995 1951 1082 2037 ἔχετε
1102 1958 1160 2017 λα-

69 2048 202 2135 βόντες.
247 2046 329 2118 άλλά
348 2051 408 2139 γάρ
430 2053 488 2118 καί
514 2049 624 2139 άβρεις
642 2057 675 2131 ἐς
695 2053 736 2120 τά
756 2054 893 2138 μάλιστα
913 2051 1027 2138 πικράς
1048 2047 1065 2118 δ
1084 2055 1157 2118 καθ’

20 2149 160 2233 ιὸάμάς
187 2151 316 2236 κατέχεά
351 2175 408 2236 μοι
439 2152 606 2236 βασιλεδς,
635 2148 673 2218 σά
700 2153 799 2236 μόνον
820 2150 906 2230 άποξ
926 2148 948 2239 ἢ
969 2151 1043 2233 δι’ς,
1073 2149 1157 2215 άλλά

54 2249 127 2330 ,καὶ
153 2250 323 2327 πολλάκις·
370 2255 434 2319 τάν
462 2250 592 2319 orimur
612 2277 647 2317 τε
679 2254 773 2317 ου’δὲν
793 2250 960 2336 ἠβουλήθη
983 2250 1158 2333 διαπράξα-

68 2355 170 2417 σθαι.
210 2352 241 2415 εἰ
259 2351 367 2415 τοίνυν
392 2356 526 2416 τοιαῦτα
546 2350 627 2437 πρὸς
649 2351 742 2432 δμοάν
762 2351 950 2436 ἠδικημένος
969 2357 1032 2426 τοῖς
1051 2344 1160 2424 ὅπλοις

68 2446 257 2538 ἐχρησάμην
263 2501 273 2531 ,
296 2445 443 2532 οάδαμάς
464 2451 600 2537 ὑπάρχοι
619 2449 798 2533 μεμπτάος.
847 2448 903 2515 καὶ
921 2454 978 2514 νῦν
998 2443 1056 2513 οὖν
1075 2446 1110 2512 εἴ
1123 2471 1159 2533 ys

67 2547 227 2633 βούλεσθε
264 2552 340 2635 περὶ
358 2552 503 2615 σπονδῶν
523 2575 555 2615 τε
575 2553 631 2615 καί
649 2552 774 2634 εἰρήνης
793 2549 870 2636 ἡμῖν
890 2549 1008 2615 θέσθαι
1027 2544 1158 2632 λόγους,

18 2643 256 2731 Ἁοὲτοιμότατα
276 2646 407 2733 ἔχομεν·
448 2651 484 2715 ἐν
504 2649 580 2733 ὑμῖν
597 2674 631 2714 τε
650 2653 767 2715 κείσθω
791 2652 983 2735 προτιμῆσαι
1002 2644 1036 2712 τά
1060 2654 1159 2713 συνοῖ-

67 2772 125 2813 σον
145 2750 202 2812 καὶ
227 2745 267 2812 τά
289 2749 432 2835 εἰρηναῖα
452 2746 514 2834 πρὸ
542 2752 599 2814 τοῦ
621 2750 761 2831 πολέμου
780 2742 938 2814 iiio-‘iusi'
980 2744 1058 2829 πρὸς
1077 2749 1158 2811 ταδ-

68 2871 110 2910 τα
131 2840 317 2933 ἀπεκρίνατο
337 2843 354 2913 ὃ
373 2850 500 2924 Baistor·
529 2844 703 2935 ,,πράτερον
721 2851 781 2929 μὲν
803 2844 893 2933 ἡμεῖς
914 2846 972 2910 οάκ
993 2840 1158 2931 ἠρξάμεθα

68 2947 227 3028 πολέμου·
277 2940 352 3013 οὐδὲ
378 2945 440 3033 γάρ
469 2951 543 3013 καθ’
579 2948 670 3034 δμάν
700 2946 885 3033 ἠλάσαμεν.
906 2947 958 3022 ·ε’ς
977 2944 1158 3010 τοδνανιίον

142 3099 182 3153 ι5.
199 3097 274 3172 ἡμᾶς
290 3098 360 3170 vulg.
414 3098 479 3174 μοι]
488 3116 547 3172 μου
555 3102 584 3154 Β.
640 3102 678 3155 ι8.
695 3097 900 3172 pependerit,
922 3097 1067 3167 πεμπτέος
1084 3092 1155 3163 vulg.

68 3217 144 3271 domi
162 3219 192 3270 in
215 3219 322 3271 occulto
344 3219 559 3282 recontineret,
577 3216 626 3271 sed
642 3218 746 3287 potins,
762 3223 794 3270 ut
812 3224 887 3272 rutra
904 3215 1042 3267 civitatem
1059 3214 1156 3284 prodi-

68 3298 130 3352 ret,
151 3296 180 3340 et
196 3290 226 3341 in
244 3299 420 3359 conspectum
436 3289 616 3343 barbarorum
635 3291 749 3342 veniret.
785 3288 882 3357 Itaque
901 3286 1012 3337 vulnero
1030 3301 1158 3353 unguen-

67 3367 98 3413 to
113 3359 198 3421 illito,
215 3362 305 3411 Bonus
330 3359 465 3413 amedico
487 3361 616 3413 dimissus
634 3375 695 3410 cum
714 3357 836 3410 barbaris
857 3357 992 3408 convenit.
1017 3357 1096 3407 Tunc
1112 3355 1155 3408 ie-

69 3434 125 3498 gati
143 3438 237 3481 mutuo
259 3446 398 3494 sermone,
413 3430 572 3483 huiusmodi
592 3430 682 3481 verbis
701 3435 765 3481 sunt
785 3428 839 3480 usi:
863 3429 997 3492 „Avarum
1019 3424 1156 3489 dominus,

67 3517 85 3552 o
103 3499 233 3564 Romani,
258 3500 332 3569 apud
352 3516 399 3552 vos
428 3501 497 3554 haec
518 3516 672 3572 proponere
690 3501 778 3552 iussit.
815 3497 856 3552 Ne
877 3497 921 3549 iili
942 3498 1154 3560 succenseretis,

68 3571 92 3621 si
117 3580 212 3623 contra
237 3586 283 3624 vos
307 3571 411 3624 bellum
432 3574 559 3642 suscepit
603 3570 710 3623 Etenim
729 3569 835 3640 priores
859 3567 934 3621 beiio
952 3584 1058 3620 causam
1075 3567 1155 3620 dedi-

67 3641 125 3693 stis.
170 3641 266 3695 Multis
290 3641 428 3695 exhaustis
454 3641 594 3695 laboribus
611 3649 641 3694 ct
661 3658 718 3694 non
733 3640 887 3694 minoribus
907 3639 1038 3693 itinerum
1055 3639 1156 3707 fatiga-

66 3712 193 3764 tionibus
218 3714 342 3765 toleratis
364 3712 411 3765 vix
436 3714 531 3776 istam,
557 3713 666 3783 inquit,
688 3711 828 3781 regionem
844 3726 987 3780 ceperam,
1006 3726 1067 3761 cum
1084 3708 1155 3760 mihi

67 3780 146 3834 iiiam
162 3784 191 3834 vi
208 3783 357 3853 eripuistis.
376 3785 519 3836 Praeterea
536 3783 714 3844 Usdebatum,
731 3784 780 3852 qui
796 3783 855 3834 iure
877 3781 1046 3849 captivorum
1063 3780 1156 3832 domi·

65 3854 115 3906 nio
146 3869 206 3906 mco
232 3863 369 3915 cesserat,
398 3853 468 3906 mihi
498 3864 622 3924 ereptum
646 3855 782 3909 retinetis,
816 3851 918 3906 Multos
946 3866 1057 3922 quoque
1085 3851 1153 3901 alias

68 3920 182 3976 acerbas
200 3926 380 3977 contumelias
399 3926 428 3976 in
447 3942 490 3977 mc
508 3925 605 3976 effudit
622 3926 773 3991 Imperator
793 3931 898 3985 vester,
915 3937 1005 3990 neque
1024 3917 1053 3970 id
1070 3918 1155 3971 semei

66 4003 153 4066 atque
172 3997 290 4058 iterum,
308 3993 355 4048 red
366 3994 490 4064 saepius,
508 4012 598 4066 neque
609 3997 754 4066 quicquam
768 4010 879 4055 eorum,
897 3986 968 4061 qu'ae
987 3991 1059 4040 iusta
1076 3995 1155 4041 crant

66 4071 96 4116 et
112 4065 248 4137 aequitati
267 4072 465 4128 consentanea,
492 4066 581 4118 facere
610 4065 704 4116 voluit.
740 4066 836 4135 Itaque
857 4064 881 4114 si
898 4069 941 4112 tot
955 4060 1095 4128 tantisque
1111 4060 1156 4110 in·

64 4134 147 4188 iuriis
172 4143 201 4188 ct
223 4136 329 4188 damnis
353 4136 463 4187 archis
489 4141 600 4189 affectus
621 4144 650 4187 et
668 4137 826 4198 lacessitus,
848 4132 930 4184 armis
947 4146 1005 4181 rum
1024 4146 1102 4189 usus,
1123 4130 1154 4183 in

65 4207 146 4258 nollo
168 4223 228 4258 sum
255 4205 501 4274 reprehendendus.
545 4205 626 4274 Quod
650 4206 674 4256 si
691 4206 773 4257 vultis
797 4202 970 4256 nuncetiam
988 4198 1022 4251 de
1041 4197 1152 4251 foedere

64 4283 95 4326 et
116 4292 182 4343 pace
200 4277 344 4328 nobiscum
364 4276 446 4328 verba
467 4275 566 4337 facere,
584 4284 710 4346 prompto
730 4275 823 4326 animo
841 4273 870 4325 id
887 4271 1025 4322 faciemus.
1052 4267 1154 4320 'Vestri

63 4345 152 4417 igitur
176 4347 284 4400 arbitrii
308 4355 367 4408 est,
385 4347 460 4416 quod
479 4348 604 4416 expedit,
625 4353 803 4414 praeoptare,
826 4352 854 4395 et
870 4357 966 4410 pacem
981 4339 1056 4392 bello
1074 4355 1153 4409 prae·
1203 4406 1204 4413 ρ

102 4419 195 4470 nere.”
231 4416 272 4470 At
300 4434 372 4489 quae
397 4417 488 4470 Bonus
506 4416 663 4487 respondite
685 4417 808 4480 „Priores
834 4411 946 4484 quidem
971 4426 1020 4461 nor
1038 4412 1152 4462 minime

60 4433 172 4542 &llum
199 4488 370 4559 occepimus,
393 4495 443 4542 sut
464 4490 495 4540 in
510 4505 558 4546 ros
575 4489 689 4558 grassati
712 4498 852 4540 sumum
873 4481 1011 4536 contrmio
1030 4487 1060 4533 tu
1076 4481 1153 4552 prior
