2744 5182
453 633 748 702 PANEGYRICUS.

61 785 184 848 vexatis
200 785 339 850 domibus
359 798 447 871 raptu
471 793 626 874 stuprique
648 792 767 870 surore,
814 863 820 873 ,

60 885 139 947 Cum
164 885 275 948 similes
294 909 398 949 omnes
416 888 454 949 ad
480 893 607 970 pessima
629 891 738 954 damna
757 887 947 975 putabant}

60 983 132 1044 Non
149 986 248 1047 honor
265 998 317 1048 aut
334 999 414 1049 aetas
437 990 536 1070 potuit
556 989 716 1051 defendere
737 1013 941 1077 quemquam,

59 1083 192 1165 Legibus
208 1087 337 1163 eversis,
353 1098 435 1148 cesto
454 1091 620 1150 munimine
639 1111 763 1172 rerum,

60 1184 162 1266 Vique
181 1197 357 1268 potestatem
371 1186 490 1249 telluris
512 1180 575 1249 soie
590 1200 721 1251 tenente.

58 1283 149 1344 Tunc
164 1286 251 1366 pravi
271 1283 417 1348 scelerum
433 1287 590 1370 capiebant
609 1291 743 1373 piaemia
763 1290 854 1371 laeti,

59 1382 182 1444 Iudiciis
199 1385 326 1446 nimium
348 1388 441 1448 iustos
460 1387 603 1448 damnas-e
627 1392 747 1451 coactis.

60 1482 138 1544 Nam
158 1491 272 1544 venum
288 1506 398 1547 nomen
416 1485 586 1547 retinebant
610 1490 700 1549 inrita
714 1491 800 1569 iura,

61 1581 242 1664 Umbraque
258 1586 388 1645 iustitiae
409 1584 500 1645 rebus
517 1587 649 1647 restabat
665 1590 775 1648 inanis.
899 1597 902 1600 ’

59 1685 225 1764 Paupestas
246 1683 323 1744 nulli
341 1685 438 1746 tenuis
455 1685 595 1767 prodesse
616 1685 753 1760 valebat,
841 1737 843 1741 .

59 1781 150 1858 ,Quae
166 1782 242 1844 solet
264 1805 328 1845 esse
348 1784 429 1846 salus
447 1797 602 1867 raptorum
622 1797 758 1870 tempore
781 1807 898 1870 regum.

60 1880 196 1963 Namque
208 1881 300 1944 dabat
322 1905 452 1966 poenes,
474 1895 585 1946 utnon
608 1882 777 1968 praesentia
796 1886 906 1968 tenet,

59 1979 102 2041 Et
121 1982 238 2064 stupuit
257 2002 321 2044 sese
342 1982 459 2046 damnis
480 1984 643 2047 maioribus
663 2006 745 2063 esse,

60 2079 162 2157 Quam
185 2078 289 2162 plenos
308 2082 416 2165 opibus
435 2083 525 2166 largis
548 2086 751 2170 gravibusque
766 2085 906 2148 metallis.

59 2177 197 2261 Corpora
210 2201 302 2259 nam,
323 2182 412 2265 spolii
431 2184 456 2246 si
476 2184 562 2267 copia
577 2182 662 2246 nulla
680 2184 827 2265 dabatur,

59 2276 219 2340 Vexabant
236 2280 362 2360 vinclis,
383 2284 531 2346 vexabant
550 2287 651 2367 stipite
673 2285 761 2370 duro.

134 2378 278 2443 Cladibus
299 2381 347 2445 bis
364 2384 485 2445 tandem
512 2383 588 2446 caeli
606 2405 658 2445 rex
677 2382 786 2446 liberat
807 2383 933 2461 orbem,

59 2477 139 2539 cnm
154 2478 331 2561 dominum,
354 2481 461 2543 melius
475 2482 528 2544 sed
542 2493 659 2565 patrem
674 2481 773 2543 dicere
788 2502 928 2564 possum,

57 2579 189 2641 Praebet
207 2580 421 2660 Anastasium,
438 2592 523 2643 tanta
539 2583 649 2664 pietate
664 2581 834 2664 vigentem,

59 2679 96 2740 ln
114 2682 200 2741 cuius
214 2682 278 2744 vita
292 2684 419 2743 virtutes
439 2682 590 2743 cernimus
608 2700 724 2742 omnes.

57 2779 116 2840 Est
134 2780 244 2859 iustus,
260 2784 398 2865 sapiens,
420 2792 532 2856 castus,
555 2780 722 2863 fortisque,
745 2781 892 2864 piusque,

58 2879 118 2943 Est
136 2878 286 2960 clemens,
307 2879 439 2954 stabilis,
461 2881 655 2959 moderatus,
670 2883 772 2957 mitis,
786 2880 949 2942 honestus·

57 2978 122 3057 Et,
144 2977 250 3062 loquar
266 2988 301 3041 ut
320 2981 453 3042 breviter
468 2980 550 3064 quod
569 2981 666 3042 sentio
685 2980 776 3041 corde
791 2980 848 3041 sub
862 2981 942 3059 imo,

56 3079 197 3143 Possidet
212 3078 280 3154 bic,
303 3091 440 3141 veterum
455 3079 604 3164 quidquid
625 3078 766 3141 laudatur
787 3081 819 3138 in
837 3076 912 3140 ullo.

58 3178 249 3241 Antoninum
264 3180 355 3242 buius
371 3183 484 3263 pietas,
506 3180 651 3262 sapientia
674 3180 833 3255 Marcum,

58 3280 102 3340 Et
122 3281 225 3340 mitem
241 3281 374 3342 Nervam
387 3280 538 3341 lenissima
551 3290 672 3361 pectora
688 3277 834 3351 vincunt3

58 3381 292 3463 Ptomeruitque
305 3381 393 3440 Titus
413 3401 476 3440 non
493 3389 613 3439 tantum
634 3387 735 3438 mente
758 3375 909 3456 benigna,

59 3478 165 3540 Gloria
179 3481 363 3563 magnanimi
387 3480 511 3541 Traiani
526 3487 655 3539 cesserat
672 3475 732 3536 isti.

59 3580 140 3641 Nam
162 3582 229 3663 quis
247 3590 293 3641 tot
313 3579 432 3640 domuit
444 3578 534 3641 simul
549 3599 611 3639 uno
626 3579 724 3638 Marto
744 3578 915 3660 tymnnos?

58 3679 199 3760 Rupibus
215 3678 343 3740 adverso
359 3700 434 3761 quos
449 3678 534 3739 duxit
549 3679 664 3739 Isauria
681 3674 767 3755 fato,

59 3781 146 3859 Quos
161 3778 279 3840 bonitas
294 3778 409 3843 domini
424 3777 624 3862 placidissima
639 3775 745 3837 cedere
758 3775 845 3837 iussit

59 3880 221 3946 Moenibus
237 3901 273 3941 ex
293 3880 397 3958 urbis,
417 3878 515 3940 voluit
535 3900 590 3940 nec
614 3876 732 3938 laedere
760 3895 901 3957 morsus,

60 3981 209 4059 Quamvis
223 3979 402 4063 supplicium
417 3978 558 4041 debentes
579 3975 696 4040 solvere
717 3976 844 4036 mundo.

59 4079 121 4140 Sed
133 4101 195 4141 non
212 4078 264 4140 ille
288 4090 393 4161 pater,
417 4080 469 4162 qui
487 4080 614 4138 sustinet
628 4077 729 4138 omnia
749 4075 874 4152 dextra,

62 4176 164 4259 Atque
176 4180 243 4260 pari
266 4176 344 4239 libra
357 4178 426 4240 iusti
439 4187 633 4238 monumenta
657 4182 811 4257 repensat,

62 4275 182 4338 Adnuit
197 4279 321 4359 impune
340 4275 513 4338 sceleratam
532 4274 667 4357 linquere
681 4283 811 4355 gustem.

60 4375 141 4439 Nam
158 4375 241 4438 fusor
261 4378 410 4438 immissus
424 4376 588 4439 commovit
610 4375 708 4437 Maste
731 4367 885 4445 nefando,

131 4492 173 4562 57.
196 4527 201 4540 ·
223 4529 229 4542 .
249 4530 254 4543 .
274 4494 316 4546 uit
335 4492 394 4546 cod.

1061 614 1144 730 519
