2774 5122
212 242 301 346 trs
528 282 530 285 v
659 263 944 334 EXCERPTt

74 418 390 509 Allatotnvpoe'tq,
422 414 479 488 δτε
505 416 655 506 Χοσρδου
685 418 733 486 ἔτι
764 419 946 508 περιόντος,
982 421 1162 505 Ζαχαρίαν
1181 438 1218 497 τε
1248 419 1345 508 καί-τ

76 494 201 626 fflffir'}
213 511 381 607 Θεόδωρον
401 525 591 610 ἐσφοιτῆσαι
606 524 639 598 ἐς
651 518 708 605 τήν
722 524 863 606 Περσῶν
880 518 1192 606 πρεσβευοομὲνους.
1213 509 1304 583 odram
1374 568 1377 575 .

240 618 247 640 l
330 620 338 638 ἱ

209 645 269 705 γαρ
300 646 361 705 την
379 624 453 687 τῶν
470 617 583 704 Σάρων
603 618 885 706 παραμειψάμενοι
905 613 1009 704 ἦσαν,
1034 619 1091 682 καί
1118 618 1214 682 οὐδὲν
1244 612 1306 697 iias

208 723 264 805 τῆς
280 716 451 803 Ῥωμαίων
470 718 624 805 ἐνηλλάγη
645 723 823 804 πρεσβείας.
852 717 910 784 διδι
930 721 987 782 καί
1005 721 1041 784 ἐκ
1066 719 1223 801 βασιλέως
1246 715 1307 781 αδ-4

208 826 277 896 τοίς
296 819 470 906 γράμματα
489 817 606 905 ἐστάλη
621 817 757 904 ἔχεσθαι
776 824 833 905 τῆς
855 819 1039 902 ὁδοιπορίαις
1066 819 1122 886 ἐπί
1151 827 1217 896 τοῖς
1244 816 1325 882 ord-5

207 929 285 1003 τοῖς·
304 922 420 1003 γνῶναι
438 923 497 1002 μὲν
516 917 578 1003 γάρ
600 921 634 982 ἐν
653 921 739 1007 μέσῳ
760 917 819 1004 τὴν
838 915 989 1004 Χοσρόου
1015 914 1187 1002 τελευτήν,
1217 909 1307 998 ὅμως

208 1020 248 1082 δὲ
267 1021 324 1083 καί
342 1015 486 1105 πρδςτὸν
506 1019 626 1082 ἐκείνου
647 1021 749 1082 παῖδα
770 1018 827 1082 oda
849 1010 953 1094 άλλως
973 1026 1112 1105 φρονεῖν,
1123 1013 1258 1098 ἑτοίμως
1268 1016 1306 1080 δὲ

209 1113 298 1201 ἔχειν
314 1114 371 1184 τὸν
389 1114 526 1199 πόλεμον
546 1115 601 1181 ἐπί
619 1127 686 1193 τοῖς
706 1112 767 1203 ἤδη
790 1115 917 1206 Χοσρδῃ
938 1126 1091 1204 γραφεῖσι
1116 1117 1305 1186 καταλῦσαι,

182 1214 258 1282 ctu
281 1240 317 1301 γε
340 1216 405 1301 μὴν
424 1217 480 1280 καί
497 1214 573 1293 τοδς
594 1209 773 1302 ἀφεθέντας
792 1215 1013 1300 αἰχμαλώτους
1040 1215 1084 1293 ὥς
1111 1208 1152 1280 άν
1166 1211 1306 1298 ἐγχειρί-

208 1340 292 1384 σωσι
310 1321 356 1405 τῳ
376 1319 515 1401 Περσῶν
533 1321 668 1396 βασιλεῖ.
693 1313 950 1402 προσημῆναντες
963 1318 1067 1381 τοίνυν
1084 1313 1115 1378 οἱ
1128 1315 1344 1394 ‘Paratum

136 1466 140 1475 ι
208 1417 358 1500 πρέσβεις
378 1411 440 1479 σδν
459 1417 560 1501 πολλῇ
580 1438 613 1479 τι
632 1418 709 1501 τιμῇ
731 1415 790 1479 καί
811 1409 953 1502 εὐφημίᾳ
976 1410 1060 1479 κατά
1091 1409 1151 1497 τήν
1171 1415 1307 1494 Νίσιβιν

208 1515 359 1597 ἐγένοντο·
381 1516 416 1579 ἐν
433 1512 580 1594 θαάματί
598 1538 633 1579 τε
660 1516 795 1604 μεγίστῳ
811 1517 976 1580 ἐποιοῦντο
997 1514 1128 1599 Πέρσαι
1147 1510 1208 1596 τὴν
1224 1511 1307 1577 Ῥω-

72 1625 77 1641 “
128 1634 133 1672 5
207 1615 314 1695 μαίων
336 1613 425 1698 α’μφί
444 1610 519 1687 τοδς
550 1612 762 1697 δοριαλώτους
788 1614 1052 1699 φιλανθρωπίαν.
1079 1613 1113 1676 ἒν
1142 1611 1246 1700 τούτῳ
1269 1612 1306 1676 δὲ

207 1709 264 1773 καί
310 1715 455 1794 Τιβέριος
478 1708 495 1773 o‘
521 1705 721 1796 αὐτοκράτωρ
743 1716 866 1777 στέλλει
888 1704 1016 1796 αὖθις,
1048 1712 1108 1777 τοῦ
1135 1701 1214 1795 ἦρος
1246 1710 1306 1796 ἆρ-

205 1810 363 1897 χομδνου,
392 1813 579 1895 Μαυρίκιον
597 1808 676 1876 κατά
705 1809 763 1896 τὴν
792 1809 872 1895 πρὸς
902 1810 1072 1893 α’νάτχοντα
1099 1803 1190 1895 ἥλιον
1221 1802 1342 1873 ἀπο-15

205 1908 464 1994 καραδοκήσοντα
485 1907 520 1974 sd
542 1912 710 1992 δυόμενον,
731 1909 996 1994 ἐγκελευσάμενός
1028 1906 1083 1991 oi,
1113 1904 1192 1992 πρὸς
1222 1903 1303 1994 ὅπερ

205 2000 285 2074 dri
317 2013 458 2094 Περσῶν
491 2008 644 2093 βασιλεδς
674 2013 796 2098 τραπῇ,
830 2008 1034 2088 ὑπαντιάζειν
1054 2032 1088 2074 τε
1117 2009 1173 2071 καί
1195 2033 1304 2092 παρα-

203 2108 418 2188 σκευάζεσθαι
439 2109 517 2193 πρὸς
532 2104 682 2191 ἑκατέραν
702 2112 765 2174 τῶν
785 2109 981 2193 πραγμάτων
996 2104 1106 2194 ῥοπήν.
1119 2102 1176 2169 καί
1196 2100 1213 2167 ὅ
1232 2107 1303 2189 μὲν,

204 2205 290 2272 καθά
309 2212 439 2291 βασιλεῖ
456 2206 576 2290 ἐδόκει,
598 2202 662 2273 άνά
683 2206 740 2293 τήν
761 2207 804 2273 ἕω
827 2205 933 2291 ἔμενε,
952 2205 987 2274 τά
1009 2206 1165 2292 πρακτέον
1194 2206 1305 2288 ἐπιτη-

74 2321 102 2369 ··.'
150 2310 282 2393 ’Βροῑν
309 2306 483 2394 προϊόντων
503 2309 540 2373 δὲ
563 2311 625 2372 τῶν
651 2310 815 2392 πρέσβεων
835 2311 869 2384 ἐς
888 2305 927 2372 τά
948 2299 1013 2393 ἤθη
1034 2307 1193 2391 Περσῶν,
1216 2304 1341 2368 ἐπει-το

94 2463 101 2509 2
201 2409 344 2490 γομὲνων
363 2430 398 2484 τε
418 2401 603 2472 θεάσασθαι
623 2399 774 2492 τὸνάρτι
795 2400 842 2496 τῷ
859 2408 1011 2496 βασιλείῳ
1030 2401 1139 2494 θρόνῳ
1159 2404 1305 2488 ἐπιβεβη-

204 2504 302 2586 κότα,
338 2506 490 2586 οἰομένων
509 2528 543 2570 τε
564 2507 597 2581 ἐς
617 2501 657 2570 τά
677 2503 817 2588 μάλιστα
837 2509 1007 2585 τεύξεσθαι
1028 2508 1146 2588 τιμῆς,
1179 2497 1218 2567 οὗ
1238 2499 1304 2587 μὴν

188 2670 191 2681 ,
233 2664 236 2677 ,
275 2633 298 2672 a·
317 2607 447 2686 ἐκυρώθη
466 2613 503 2670 δν
521 2619 578 2670 εἴτε
599 2620 635 2671 Χ.
653 2613 713 2674 vat
767 2636 793 2673 a.
811 2618 876 2672 Post
894 2616 973 2672 Θεδδ.
991 2619 1043 2673 λιιι.
1062 2615 1302 2686 restauravit

281 2706 323 2742 aa.
342 2674 499 2750 τεύξασθαι
519 2689 592 2758 vulg.

205 2777 271 2831 dnm
281 2776 387 2846 Syriam
398 2778 559 2848 transgressi
571 2783 657 2842 erant,
665 2791 701 2829 ne
723 2794 758 2830 uc
771 2778 917 2850 quicquam
934 2775 998 2831 ideo
1014 2791 1047 2828 ex
1057 2793 1151 2831 eorum
1160 2773 1301 2843 legatione

203 2857 340 2900 mutatum
360 2857 409 2908 est,
444 2851 541 2921 ltaque
561 2851 671 2902 litterae
692 2796 728 2901 ab
747 2852 915 2919 Imperatore
933 2850 990 2901 illia
1017 2848 1141 2901 redditae
1161 2854 1243 2908 sunt,
1269 2852 1302 2897 ut

203 2922 400 2973 continuarent
420 2920 491 2973 iter:
521 2918 577 2973 sibi
597 2919 709 2990 quidem
735 2924 891 2973 nuntiatum
919 2936 995 2983 esse,
1022 2920 1096 2971 inter
1117 2917 1147 2970 id
1167 2917 1302 2985 temporis

206 2987 357 3044 Chosroitm
383 2999 499 3043 mortem
521 2993 632 3043 obiisse.
667 2993 883 3054 Verumtamen,
907 3008 935 3043 se
964 3005 1023 3042 esse
1046 2988 1191 3041 eudemio
1214 2987 1303 3039 lilium

204 3060 317 3123 animo,
344 3070 373 3114 et
392 3070 517 3129 paratum
540 3063 691 3115 secundum
709 3079 759 3125 ea,
778 3079 849 3133 quae
867 3081 883 3114 a
902 3061 1024 3115 Chosroa
1046 3060 1148 3128 scripta
1173 3066 1269 3121 eraut,
1286 3075 1303 3109 a

203 3128 280 3182 bello
299 3130 459 3199 discedere3
477 3149 569 3202 neque
587 3141 730 3202 propterea
753 3135 913 3186 omitterent
931 3134 1023 3183 Persas
1051 3131 1197 3199 captivos,
1216 3128 1302 3181 liber-

203 3205 263 3252 tate
287 3201 420 3264 donatos,
440 3203 470 3254 in
487 3220 583 3255 manus
603 3204 672 3274 regis
691 3203 830 3255 Persarum
848 3203 964 3256 tradere.
1001 3203 1099 3272 ltaque
1119 3200 1303 3252 Romanorum

202 3268 305 3341 legati,
330 3273 435 3327 nuntiis
459 3275 630 3343 praemissis,
661 3291 721 3325 cum
746 3273 852 3328 honore
877 3283 906 3325 et
932 3273 1028 3325 faustis
1054 3268 1302 3324 acclamationibus

203 3340 324 3394 Nisibim
344 3354 535 3412 pervenerunt.
572 3345 608 3397 Et
626 3346 720 3397 Persae
745 3344 858 3414 quidem
883 3347 1065 3397 Romanorum
1090 3358 1153 3410 erga
1178 3341 1302 3409 captivos

203 3411 403 3467 humanitatem
424 3428 589 3484 magnopere
610 3424 674 3467 sunt
695 3414 831 3467 admirati.
868 3416 975 3468 Interea
991 3411 1122 3465 Tiberius
1140 3414 1302 3480 Imperator,

203 3499 268 3538 vere
297 3485 427 3548 ineunte,
449 3503 540 3538 rursus
563 3487 638 3537 misit
655 3486 818 3538 Mauricium
838 3487 866 3538 in
877 3484 1038 3538 orientalem
1057 3482 1168 3552 imperii
1187 3491 1302 3551 partem,

204 3554 265 3624 qui,
286 3555 361 3626 quod
380 3557 511 3621 eveniret,
529 3563 715 3626 exspectaret,
735 3563 763 3608 et
781 3556 823 3608 illi
842 3556 1005 3627 imperavit,
1029 3561 1060 3606 ut
1076 3555 1132 3621 regi
1150 3554 1302 3614 Persarum,

204 3642 379 3697 quocumque
403 3635 585 3690 reverteret,
605 3634 781 3679 occurreret:
801 3636 830 3682 et
848 3630 878 3679 in
905 3641 1105 3699 quamcumque
1126 3632 1234 3693 partem
1260 3638 1302 3674 rea

204 3697 349 3760 caderent,
375 3696 410 3750 ad
429 3713 523 3749 omnes
541 3713 618 3748 casus
640 3715 669 3750 se
688 3707 872 3767 praepararet.
914 3699 950 3748 Et
968 3697 1017 3747 ilie
1041 3695 1172 3766 quidem,
1195 3701 1227 3745 nt
1254 3710 1302 3745 rex

204 3776 402 3838 praeceperat,
431 3769 461 3818 in
485 3768 598 3820 Oriente
625 3768 769 3829 substitit,
793 3777 821 3821 et
840 3767 1018 3830 observabat,
1037 3765 1105 3835 quid
1130 3766 1204 3817 sacto
1231 3780 1301 3834 opus

204 3846 285 3890 esset.
322 3838 389 3889 Cum
413 3839 497 3906 igitur
520 3839 603 3905 legati
626 3840 655 3890 in
682 3838 818 3891 Persidem
843 3842 998 3900 venissent,
1025 3838 1165 3889 Persarum
1191 3852 1304 3906 regem,

138 3942 144 3961 ι
205 3909 255 3976 qui
280 3918 406 3962 recenter
423 3911 452 3960 in
472 3908 574 3976 regium
593 3910 693 3961 solium
719 3910 895 3973 ascenderat,
913 3909 1033 3960 salutare
1057 3921 1225 3976 magnopere
1250 3922 1300 3957 cu-

203 3975 336 4045 piebant,
363 3987 392 4030 et
412 3994 488 4047 spem
506 3976 659 4040 habebant,
677 3979 732 4031 sibi
751 3997 807 4031 non
826 3982 914 4033 solum
930 3980 1048 4031 multum
1066 3978 1180 4030 honoris
1201 3985 1231 4029 et
1245 3975 1302 4027 bn·

125 4088 128 4100 .
203 4048 344 4100 manitatis
360 4050 533 4117 ‚imperitum
554 4050 607 4111 iri,
625 4048 793 4113 sedetiam,
818 4068 890 4122 quae
914 4057 1059 4120 peterent,
1080 4064 1140 4101 sese
1168 4047 1303 4117 impetra·

203 4122 289 4169 turos.
324 4120 433 4176 Etenim
450 4128 516 4190 post
533 4127 589 4173 tam
608 4121 742 4191 insignem
761 4123 903 4174 victoriam
921 4136 1060 4173 sermones
1078 4116 1246 4171 adferebant
1265 4117 1302 4170 ab

204 4187 372 4264 leperistere
388 4192 510 4247 Romano
528 4193 658 4248 contusa
678 4196 707 4243 et
722 4191 897 4249 humanitate
913 4192 1012 4266 plenos
1034 4198 1063 4246 et
1078 4187 1113 4245 sb
1134 4190 1212 4245 oanni
1226 4191 1302 4245 iaso·
