2716 5078
456 512 526 618 'nn
559 551 745 618 nsxnro.
1081 555 1147 623 >xv

69 707 135 791 Aug
164 729 248 771 anno
279 707 454 791 desinebat3
482 709 674 772 Athenarum
703 721 804 772 sutem
830 707 948 773 cladem
967 709 1147 797 syncellus,

69 811 120 890 qui
143 807 201 870 hoc
217 813 348 894 Dexippi
365 823 442 895 opus
460 811 597 893 legebat,
622 812 680 872 sub
702 811 840 873 Gallieno
854 813 1012 895 contigisse
1031 814 1145 878 referta

69 911 205 990 nequesi
230 931 298 971 earn
322 930 392 972 cnm
413 913 620 972 continuatore
638 913 797 992 Dionis⁵),
817 933 908 994 quem
936 914 1070 974 Zonaras
1095 936 1146 976 sa·

70 1010 189 1090 qititsrr,
205 1011 329 1073 biennio
341 1017 437 1073 serius
456 1011 597 1074 accidisse
617 1023 801 1091 statuamus,
822 1023 858 1072 nt
871 1010 924 1072 illo
939 1015 1005 1094 ipso
1025 1013 1146 1076 Claudii

70 1123 146 1170 anno
164 1113 286 1191 primo,
317 1111 398 1196 269,
421 1110 581 1191 acciderit,
603 1111 763 1172 difficultas
783 1112 984 1194 expediretur.
1024 1114 1069 1174 lta
1089 1125 1145 1177 aut

70 1209 239 1291 fingendum
249 1214 308 1273 erit
328 1215 461 1295 priorem
473 1215 617 1275 exstitisse
631 1213 810 1286 editionem,
828 1212 868 1272 de
882 1234 943 1295 qua
957 1234 1047 1274 nemo
1058 1215 1144 1296 quic-

70 1330 156 1390 quam
172 1310 312 1390 tradidit,
326 1323 380 1385 aut
390 1312 623 1389 concedendum,
638 1313 755 1374 laevam
768 1312 928 1373 hominum
938 1315 970 1373 in
981 1311 1149 1376 honoribus

71 1410 258 1473 aestimandis
278 1424 411 1475 mentem
423 1435 515 1494 eum,
536 1435 597 1497 quo
619 1413 658 1474 ad
675 1417 825 1475 maiorum
839 1413 967 1496 gloriam
980 1411 1076 1474 elatus
1088 1423 1146 1492 est,

71 1521 225 1590 propterea
236 1512 411 1596 neglexisse,
422 1514 505 1597 quia,
519 1511 716 1576 tumultuarie
729 1524 937 1597 acongregnta
951 1512 1146 1574 multitudine

71 1606 211 1684 collatus,
236 1611 358 1674 nullum
384 1615 417 1689 in
447 1614 530 1676 fastis
559 1615 684 1676 urbanis
704 1615 805 1676 locum
828 1614 972 1674 haberet:
996 1613 1155 1684 librorum

73 1707 176 1768 huram
201 1711 366 1791 extulisse,
384 1735 434 1775 res
455 1713 574 1776 fortiter
594 1726 690 1797 gestas
718 1713 835 1774 silentio
857 1716 1079 1775 transmisisse:
1103 1746 1144 1760 -

74 1827 150 1889 rem,
169 1822 294 1892 propter
309 1815 373 1874 eius
392 1814 458 1875 aevi
475 1816 665 1897 pravitatem,
677 1813 766 1896 plane
784 1835 847 1875 non
866 1813 1085 1874 incredibilem.

148 1908 251 1970 Vitam
279 1934 374 1996 usqne
397 1914 436 1975 ad
456 1914 551 1976 Probi
570 1916 773 1998 principatum
787 1914 946 1998 perduxit,
968 1928 1064 1997 quum
1082 1914 1144 1973 iam

78 2003 295 2072 tubValeriano
324 2011 480 2076 claruisset
491 2014 526 2099 ⁶).

2 2076 28 2177 ι
85 2106 86 2109 “
149 2107 274 2191 Dexippi
294 2132 403 2194 opera,
426 2137 504 2197 qnae
520 2114 559 2176 ad
579 2114 735 2176 historiam
756 2114 973 2197 pertinebant,
992 2114 1052 2174 tria
1072 2112 1147 2195 legit

80 2200 192 2267 Plotius
201 2210 243 2285 ηε
267 2211 306 2271 de
327 2213 437 2295 quibus
451 2216 574 2298 singulis
588 2216 737 2300 agendum
755 2226 809 2276 est.

151 2305 176 2366 l.
218 2301 265 2368 Tui
283 2307 364 2387 μετὰ
388 2309 605 2396 Ἀλέξανδρον,
638 2314 725 2376 libris
750 2325 881 2396 quatuor
907 2310 1144 2394 comprehensu

84 2400 225 2486 omibus
245 2412 434 2473 notissimam
449 2416 651 2496 satrapiarum
672 2411 852 2473 divisionem
867 2416 975 2472 recitat
991 2410 1118 2472 Photius
1133 2421 1145 2484 t
1206 2449 1208 2464 ι

84 2506 296 2591 scriptoremque
309 2513 342 2571 in
359 2514 535 2575 universum
554 2534 623 2574 cum
640 2512 772 2574 Arriano
788 2514 956 2572 consentire
975 2509 1073 2575 docet.
1094 2506 1148 2569 Ad

86 2601 148 2665 hanc
169 2609 394 2672 Macedonicam
418 2613 574 2675 historiam
610 2612 766 2673 reserenda
793 2631 858 2673 esse
879 2631 956 2692 quae
978 2607 1022 2673 ill.
1043 2609 1146 2669 Maius

87 2700 186 2768 inventa
200 2711 232 2769 in
253 2709 364 2773 codicis
384 2710 701 2796 palimpsesti‘paginis
715 2711 766 2772 81.
778 2710 831 2773 82.
851 2732 914 2772 roo.
941 2732 1007 2777 ror.
1027 2708 1143 2782 edidit,

86 2806 134 2864 uno
156 2809 248 2870 verbo
271 2815 422 2874 monuisse
450 2814 488 2875 ad
515 2814 706 2897 probandum
724 2811 851 2873 sufficit:
873 2811 1022 2893 siquidem
1047 2815 1145 2870 orabo

87 2897 243 2987 Hyperidis,
275 2913 340 2972 sive
369 2913 528 2996 adsumpta
551 2917 616 2975 sive
642 2914 729 2991 ficta,
764 2909 837 2972 belli
861 2911 995 2972 Lamiaci
1024 2919 1146 2991 tempus

85 3005 186 3080 metat.
226 3009 316 3071 Dicet
329 3011 453 3074 fortasse
470 3013 596 3096 aliquis,
617 3035 635 3075 a
651 3015 806 3091 Romana,
827 3029 888 3071 non
906 3009 1006 3070 dicam
1029 3009 1147 3090 Byzan·

84 3100 132 3162 tina
144 3104 277 3188 historin,
293 3109 390 3172 aliena
399 3135 462 3173 non
474 3113 612 3175 debuisse
624 3112 793 3177 collectioni
803 3121 922 3171 nostrae
934 3110 1026 3169 inseri
1037 3130 1047 3166 t
1061 3105 1146 3188 quod

83 3204 186 3281 quidem
208 3209 321 3270 laetum
338 3213 470 3294 primum
486 3212 565 3274 mole
583 3217 687 3294 exigua
704 3212 815 3273 horum
834 3211 1073 3292 fragmentorum
1090 3205 1145 3266 des

81 3298 202 3386 femiam,
232 3331 312 3392 quse
332 3333 515 3394 perparvum
542 3312 598 3374 sihi
627 3313 729 3374 locum
746 3309 918 3395 postulant3
934 3329 1029 3390 quum
1041 3317 1145 3367 tamen

80 3402 117 3461 vel
134 3405 198 3467 ideo
214 3409 298 3490 quod
329 3412 491 3496 Hyperidis
517 3434 627 3474 nomen
654 3425 726 3493 prae
750 3411 899 3472 scierunt
920 3406 1145 3489 philologorunx

78 3505 200 3567 notitiam
215 3521 386 3591 merentur3
406 3512 557 3596 denique,
579 3515 604 3573 si
622 3511 710 3572 aliter
725 3511 854 3572 facerem
879 3507 1147 3590 reprehensionem

77 3617 126 3662 nou
151 3607 344 3692 effisgissem3
367 3634 462 3695 quum
492 3615 525 3674 in
552 3613 684 3674 editione
711 3600 847 3672 Romana
878 3611 986 3670 ceteris
1015 3624 1094 3690 qrrae
1127 3625 1146 3668 s

76 3699 197 3788 Dexippo
211 3724 375 3792 supersunt
399 3713 571 3775 adhaerent.
614 3714 684 3790 Quo
709 3713 792 3772 enim
811 3709 903 3771 modo
929 3711 984 3787 iis,
1007 3708 1060 3789 qui
1075 3724 1146 3768 eam

74 3820 126 3864 uon
144 3808 310 3886 vidissent,
331 3825 469 3874 constare
486 3824 587 3895 posset
605 3831 655 3873 mc
673 3833 734 3872 non
750 3822 864 3885 temere
876 3810 1045 3869 indicasse?

106 3904 147 3969 ll.
186 3906 347 3992 Χρονικῆν
375 3907 533 3996 ἱστορίαν,
571 3916 635 3974 sive
666 3904 793 3972 annales*
808 3913 861 3986 8),
891 3931 984 3992 quam
1014 3906 1147 3968 Photius

71 3996 216 4085 σύντομον
251 4005 408 4093 ἱστορικὸν
435 4024 545 4089 vocat,
577 4034 632 4095 per
657 4011 880 4094 Olympiadas,
903 4009 1146 4087 archontumqus

72 4113 97 4163 et
118 4109 275 4172 consulum
302 4112 393 4175 fastos
424 4112 464 4174 ab
486 4112 631 4176 historiae
653 4114 766 4191 initiis,
793 4112 912 4173 omissis
933 4119 1035 4168 tamon
1058 4105 1147 4168 tabu-

92 4307 118 4378 5)
134 4308 164 4362 ln
180 4310 282 4381 eclogia
301 4328 370 4382 quas
390 4313 429 4365 ill.
448 4312 539 4398 Maius
566 4311 666 4367 edidit:
692 4313 754 4367 coll.
779 4313 841 4366 Vct„
866 4309 903 4366 ll·
930 4325 956 4379 p.
979 4308 1039 4395 alp.
1116 4307 1147 4376 6)

128 4379 511 4528 srumms,
525 4387 552 4509 t
565 4385 590 4508 t:
647 4387 674 4507 z>
869 4379 1145 4459 euru·
