2716 5078
278 617 336 679 ns
363 571 579 676 ussurus
608 607 887 673 Lanaricum.
1016 614 1135 678 xxxr

48 779 151 844 malea
172 771 277 838 Paulo
296 772 436 832 Diacono
458 767 514 830 sub
539 767 707 828 Iustiniano
728 768 864 849 principe
883 767 956 848 poni
978 783 1123 852 apparet:

48 877 273 956 absolunsmqu'e
302 871 394 932 fisbse
419 889 560 981 magnum
581 867 793 949 grammaticae
821 888 931 949 corpus
956 885 1030 935 ante·
1052 879 1124 940 Cos,

49 978 251 1049 ldavortinm,
276 993 305 1032 a.
330 969 424 1053 5²7⁸
450 969 560 1051 quippe
585 987 646 1048 quo
665 964 790 1026 consule
809 967 901 1028 codex
930 974 1011 1036 unde
1031 985 1125 1042 1103„

49 1077 166 1138 der-irati
198 1083 292 1146 sunt,
327 1070 543 1149 subscriptione
561 1076 667 1146 teste,
692 1068 830 1173 scriptus
841 1068 898 1147 sit,
927 1092 982 1151 per
1009 1075 1124 1142 litteras

49 1199 89 1239 ne
105 1177 226 1237 monuit
246 1170 288 1234 cl.
310 1169 548 1241 Lindemannus.

120 1277 169 1336 De
175 1292 314 1334 camnine
322 1270 474 1351 ,eiusque
486 1266 587 1327 codice
597 1266 689 1326 unico
702 1264 842 1325 Bobiensi
856 1266 1006 1332 Viennam
1020 1273 1135 1355 allato,

59 1398 86 1437 ex
101 1397 163 1457 quo
174 1371 345 1434 Claudium
365 1368 568 1444 Sacerdotem,
591 1365 726 1447 aliosque
743 1365 781 1426 de
789 1367 992 1433 Grammatico
1014 1372 1125 1447 libros,

7 1540 10 1546 ,
58 1476 153 1535 avitis
175 1471 305 1555 egregiis
326 1469 565 1548 doctissimisque
584 1464 769 1549 flagitamus,
802 1487 894 1547 penes
922 1489 999 1552 quos
1021 1476 1127 1538 eorum
1224 1502 1231 1515 .

60 1574 229 1635 edmdonrm
252 1574 303 1631 ins
324 1580 388 1647 est,
410 1578 441 1628 et
459 1566 586 1628 ornandi
608 1563 763 1647 splendida
785 1563 921 1640 foculus,
935 1603 975 1614 -
988 1591 1044 1633 cur
1061 1589 1129 1657 post

61 1669 324 1737 dEndtichemm
345 1665 424 1729 nihil
445 1665 589 1744 afferam,
611 1665 671 1725 inm
689 1685 782 1747 supra
797 1667 964 1747 expositam
985 1682 1041 1733 est.

129 1996 358 2078 Excerptorum
377 1990 417 2051 de
439 1987 656 2072 legationibus,
679 2010 756 2071 quae
777 1996 995 2073 grammaticis,
1023 1999 1132 2094 quibus

64 2116 100 2155 m
124 2116 194 2155 cura
225 2116 244 2154 a
274 2091 473 2152 Constantino
501 2088 763 2172 Porphyrogenito
794 2092 936 2154 mandata
964 2107 1009 2157 est
1023 2098 1136 2183 ,περι

63 2192 234 2273 πρέσβεων,
257 2213 320 2252 non
340 2209 415 2271 περι
409 2183 628 2269 πρεσβειῶν,
649 2189 814 2249 inscribere
833 2188 966 2272 placuit,
986 2201 1136 2264 rationem

64 2292 218 2374 explicare,
246 2310 348 2372 neque
376 2286 507 2350 alienum
532 2289 590 2347 erit
622 2308 640 2347 a
668 2290 823 2368 prooemio
843 2287 933 2351 huius
952 2293 1135 2380 voluminis,

61 2395 138 2452 cuins
163 2413 233 2474 pars
262 2389 352 2472 longe
379 2390 509 2449 maxima
537 2408 572 2448 cx
603 2385 664 2447 illis
690 2395 825 2446 constat:
861 2408 960 2470 neque
983 2394 1136 2477 otiosum3

61 2512 163 2570 quum,
192 2492 378 2572 nescioquo
399 2476 488 2562 casu,
522 2486 702 2562 anemius,
739 2494 887 2568 quantum
914 2489 989 2552 mihi
1015 2479 1138 2578 quidem

59 2592 202 2669 iuncusit,
221 2589 315 2672 plene
336 2597 491 2671 perspecta
512 2588 562 2647 sit.

120 2690 323 2771 lstacxcerpta
337 2687 431 2748 edidit
444 2685 642 2748 Hoeschelius
654 2706 671 2746 e
682 2685 802 2748 duobus
816 2685 969 2752 codicibus
983 2715 992 2753 ε
1009 2692 1138 2777 Scbotti,

60 2809 145 2870 quen
163 2811 245 2849 nunc
265 2787 376 2848 nullibi
397 2805 572 2868 comparere
592 2786 654 2846 dixi
675 2807 785 2868 supra,
807 2797 837 2871 et
857 2788 1024 2865 annrico,
1048 2816 1139 2875 quem

61 2887 180 2948 Roicum
198 2898 315 2965 vocat,
345 2887 451 2968 quiin
474 2889 648 2946 Monacensi
670 2884 852 2947 bibliotheca
873 2891 956 2970 regia
978 2904 1091 2962 exstat,
1122 2918 1140 2956 a

60 2985 362 3069 Schweighaeusero,
384 3006 416 3045 v.
440 2985 500 3063 cl.,
525 2984 565 3045 ad
582 2986 757 3068 Appianum
778 2985 1001 3070 Polybiumque
1021 2990 1142 3053 adbibi-

62 3096 124 3148 tos:
138 3109 242 3147 corum
254 3082 357 3147 autem
369 3085 444 3146 boec
457 3086 587 3145 invicem
600 3086 677 3145 ratio
692 3097 768 3161 crat,
781 3095 816 3145 ut
825 3085 1005 3147 Schnttanns
1020 3091 1143 3171 quidem

63 3187 158 3246 omnia
169 3184 442 3278 complecteretur,
446 3206 474 3244 a
488 3186 633 3244 Bavarico
645 3176 811 3265 praelatio,
835 3194 926 3264 atquc
939 3184 990 3247 illa
1006 3188 1144 3251 abessent

64 3306 136 3365 quac
154 3286 254 3346 editor
271 3295 391 3345 tantum
413 3283 562 3344 eSchotti
577 3283 680 3343 codice
699 3283 837 3358 sedare,
862 3286 893 3343 in
913 3284 1037 3347 elencho
1054 3310 1145 3370 quern

5 3451 6 3455 Ἰ
68 3385 360 3463 postdcdicationem
377 3385 501 3466 posuit,
523 3383 694 3464 profitetur.
722 3382 800 3441 Sunt
813 3393 913 3443 autem
934 3382 984 3444 illa
1005 3406 1066 3447 nou
1089 3383 1148 3450 ad·

70 3482 296 3544 ditamentorum
319 3483 405 3562 loco,
428 3493 463 3542 ut
482 3482 617 3542 codicem
628 3483 807 3542 Bavaricum
830 3480 945 3542 librarii
966 3484 1080 3546 desidia
1099 3499 1146 3550 tot

69 3583 198 3663 optutu
225 3582 402 3643 mutilatum
419 3582 511 3644 fuisse
532 3582 654 3642 credere
675 3583 785 3663 possis,
813 3600 920 3641 verum
941 3581 980 3643 ab
1001 3583 1048 3645 his
1069 3607 1147 3670 ‹puae

71 3679 114 3741 illc
140 3682 235 3744 babet
259 3683 418 3765 separate,
451 3683 617 3764 eodemque
645 3682 751 3741 ordine
772 3702 789 3740 n
810 3680 879 3741 libri
911 3682 996 3743 initio
1024 3685 1147 3748 adeius

72 3776 151 3841 linem
176 3783 435 3865 progrediuntur3
457 3793 547 3864 atque
568 3781 626 3842 hoc
647 3783 727 3841 iuter
740 3801 771 3841 se
784 3780 927 3841 differunt
946 3782 1048 3863 quod,
1069 3807 1152 3866 quae

75 3875 259 3942 inBavarico
279 3893 415 3960 exstant,
436 3881 475 3941 de
495 3879 694 3963 legationibus
713 3880 752 3939 ad
767 3880 919 3941 Romanos
931 3882 1028 3943 missis
1043 3880 1153 3965 agunt,

78 3977 193 4054 paean
207 3978 386 4048 illonbsunt
395 4020 413 4056 ,ι
427 3980 465 4042 de
484 3981 760 4063 iniquasltomani
771 3978 811 4040 nd
823 3980 971 4042 Barbaros
990 3983 1149 4044 miserunt.

81 4073 361 4158 Quaproptercodex
374 4079 426 4141 ille
435 4074 508 4160 περὶ
525 4078 688 4157 πρέσβεων
708 4077 812 4138 ἐθνῶν
835 4079 898 4160 (vel
906 4078 1052 4162 ἐθνικῶν)
1068 4077 1152 4160 ’πρὸς

80 4164 244 4249 Ῥωμαίους
273 4179 449 4239 inscribitur
461 4177 498 4265 ⁵⁶)
513 4178 689 4263 ,praefatio
722 4187 824 4238 autem
852 4199 931 4260 quae
953 4178 1005 4239 illa
1031 4182 1153 4259 respicit

86 4291 151 4349 quac
168 4275 277 4338 Schotti
299 4277 393 4337 codex
414 4275 496 4337 solus
518 4277 682 4358 praebuit,
710 4276 832 4337 titulum
858 4278 1004 4354 xxvll,
1027 4282 1152 4361 eiusque
1228 4347 1237 4359 .

92 4369 220 4433 ωὴήεαω
248 4371 325 4456 περὶ
348 4375 510 4454 πρέσβεων
531 4369 704 4454 Ῥωμαίων
727 4371 806 4456 πρὸς
837 4371 983 4448 {demonic
1011 4378 1150 4440 exhibet:

109 4515 149 4579 56)
165 4521 300 4594 Sthueigb.
321 4523 408 4593 praef.
430 4523 463 4573 ad
481 4524 512 4576 T.
532 4525 569 4576 ll.
591 4524 698 4592 Polybii
715 4542 744 4593 p.
764 4524 831 4578 llVl.
