2716 5078
452 601 506 665 DE
533 600 679 666 PETRO.
1044 609 1114 670 xxi

120 755 287 821 PETRUS
298 767 319 835 ,⁴
338 756 388 816 cui
410 776 430 815 a
448 756 642 838 dignitatibus
661 757 792 840 magistri
812 769 844 822 et
864 741 987 825 l’atricii
1005 786 1116 848 cogno-

49 860 122 919 mina
136 859 318 934 haeserunt,
339 855 569 919 Thessalonicae
589 869 699 935 natus,
724 880 742 919 a
761 859 910 943 Procopio
933 861 1054 947 illyrius
1070 863 1119 924 di·

50 960 198 1034 citur¹⁷)r
227 978 289 1017 non
309 956 392 1038 qrtod
422 958 543 1018 natione
563 957 602 1018 ad
623 957 775 1040 Illyricam
795 970 913 1040 gentem
934 965 1119 1044 pertineret,

50 1060 123 1134 (nam
140 1060 208 1140 quis
230 1056 283 1118 illo
301 1077 376 1117 aevo
393 1067 510 1117 veteres
530 1055 650 1138 illyrios
664 1058 704 1118 ab
716 1057 782 1117 aliis
794 1057 954 1139 gentibus,
976 1063 1028 1143 qui
1048 1063 1121 1123 istas

50 1159 175 1239 regiones
198 1156 392 1233 involabant,
413 1155 591 1216 distinxisset
604 1160 660 1233 ?);
689 1155 741 1216 sed
764 1159 835 1239 quia
855 1156 998 1220 dioecesis
1018 1162 1121 1222 Mace·

53 1257 134 1318 donin
153 1256 212 1317 sub
230 1256 429 1338 dispositione
449 1255 597 1316 Praefecti
610 1256 766 1316 Praetorio
787 1277 843 1339 per
862 1255 1020 1340 Illyricum
1045 1269 1119 1320 erat.

52 1356 103 1417 llic
121 1357 219 1417 causis
239 1353 363 1437 agendis
386 1354 645 1438 Constantinopoli
674 1367 860 1439 occupatus,
885 1379 981 1439 quum
1000 1364 1140 1441 propter.

53 1455 226 1537 singularem
256 1453 459 1537 eloquentiam
483 1456 742 1538 persuasionisque
770 1457 833 1516 vim
853 1456 1123 1538 celebrareturss),

53 1554 250 1614 altutiniano
272 1555 352 1635 lmp.
385 1576 414 1613 a.
437 1552 507 1633 534.
530 1553 645 1636 legatus
666 1555 704 1616 ad
725 1553 976 1618 Amalasuntham
994 1557 1126 1627 destina-

55 1662 111 1723 tus,
141 1655 215 1735 quia
237 1655 362 1714 interim
378 1653 601 1714 Tbeodahadus
620 1675 748 1737 regnum
768 1655 955 1736 arripuerat,
987 1656 1127 1719 Aulonac

55 1752 187 1831 missatit,
197 1764 230 1814 et
244 1774 326 1814 anno
339 1752 461 1812 demum
472 1763 614 1835 sequente
626 1774 696 1814 cum
706 1755 899 1837 Imperatoris
908 1756 1057 1817 mandatis
1066 1759 1127 1817 aa·

56 1870 174 1912 umnam
187 1853 337 1933 pervenit:
359 1862 433 1912 tunc
445 1873 536 1927 vero,
558 1854 677 1935 ignavia
691 1865 722 1915 et
741 1855 849 1915 timore
869 1853 1000 1915 hominis
1021 1854 1129 1915 callide

59 1968 135 2023 uus,
156 1950 369 2011 Theodahado
395 1953 543 2033 persuasit
569 1963 605 2013 ut
634 1973 665 2013 se
686 1952 817 2035 Augusti
835 1953 904 2015 fidei
923 1955 1128 2035 permitteret,

60 2047 193 2131 italiaque
211 2052 358 2110 universa
377 2050 554 2111 concederet
563 2050 611 2128 ¹⁹).
656 2053 743 2129 Quae
763 2073 858 2133 qaum
878 2056 941 2135 ipse
956 2055 1130 2114 Constanti·

58 2147 179 2228 sopolim
199 2150 417 2223 renuntiasset,
445 2150 555 2209 iterum
567 2171 638 2210 cum
653 2150 819 2212 Athanasio
827 2152 1002 2212 Ravennam
1023 2152 1131 2213 missus

61 2257 116 2320 est,
136 2259 170 2308 ut
190 2247 253 2308 illis
273 2247 432 2330 agentibus
452 2269 530 2329 quae
550 2270 602 2310 rex
623 2248 741 2311 Gothus
763 2251 941 2331 promiserat
961 2251 1000 2311 ad
1020 2251 1133 2312 exitum

60 2348 304 2427 pfflucermtur:
326 2349 490 2425 verumis,
512 2348 630 2408 Mundo
644 2349 845 2410 interimcum
867 2352 995 2410 exercitu
1017 2350 1049 2409 in
1059 2349 1134 2409 Dai-

60 2449 137 2507 matis
154 2468 259 2520 caeso,
282 2448 390 2528 spretis
409 2468 487 2529 quac
507 2448 735 2524 convenissent,
765 2445 937 2528 violataque
953 2447 1136 2529 legationum

62 2548 228 2623 sanctitate,
249 2544 320 2607 illos
342 2547 375 2606 in
394 2546 562 2606 custodiam
582 2544 666 2605 dedit
680 2545 741 2624 ²⁰),
769 2565 868 2626 neque
888 2547 970 2628 prius
989 2544 1136 2607 redeundi

63 2642 178 2706 facultas
191 2666 337 2707 concessa
351 2655 396 2706 est
409 2666 500 2727 quam
515 2666 534 2705 a
548 2646 649 2727 Vitige
669 2645 732 2706 sere
750 2654 819 2726 post
838 2656 900 2707 tres
920 2667 1015 2706 annos
1022 2690 1032 2720 ,
1056 2647 1137 2706 circa

66 2741 146 2803 finem
164 2747 237 2805 anui
258 2743 333 2809 538.
377 2746 436 2805 Sed
457 2744 515 2804 hoc
536 2744 761 2806 incommodum
780 2745 872 2805 Petro
892 2747 1002 2827 insigni
1020 2744 1137 2805 honoro

65 2855 245 2922 rqrensatum
256 2854 319 2923 est,
340 2843 451 2905 collata
462 2844 606 2926 dignitate
619 2845 753 2926 magistri
768 2842 993 2923 officiorumli).
1015 2844 1136 2922 Postea,

66 2962 136 3002 anno
154 2945 215 3005 fere
239 2944 311 3021 550,
333 2947 394 3004 iam
415 2944 455 3027 ad
474 2943 665 3024 patriciatum
686 2943 862 3022 avectusffl),
886 2944 1001 3026 legatus
1020 2946 1053 3003 in
1075 2944 1138 3003 ori-

65 3051 154 3102 entem
174 3045 284 3104 missus
305 3054 350 3104 est
379 3043 418 3103 ad
438 3043 575 3104 inducias
595 3065 665 3104 cum
685 3043 818 3104 Chosroi
841 3043 1063 3125 componendas
1074 3042 1138 3121 ²⁸),

66 3141 138 3203 undo
154 3153 256 3205 tamen
275 3163 311 3205 re
331 3143 442 3206 infacta
461 3141 573 3205 rediit:
597 3164 681 3222 mox,
705 3164 732 3206 a.
750 3140 867 3224 55224),
888 3141 1022 3203 delectus
1042 3152 1087 3202 est
1106 3151 1142 3201 ut

85 3316 125 3389 ¹7)
140 3318 219 3371 Goth.
239 3322 262 3372 1.
281 3323 307 3376 3.
323 3339 351 3391 p.
370 3324 430 3378 316.
448 3322 491 3376 ed.
509 3324 566 3376 Par.
660 3322 703 3384 18)
724 3320 794 3375 Ibid.
816 3351 850 3362 -
867 3317 1031 3381 Menander,
1050 3317 1121 3371 inira
1131 3353 1141 3380 ,

127 3406 153 3457 Ρ·
167 3392 224 3460 429
247 3409 285 3460 ιο
307 3410 347 3446 ao.
457 3394 498 3463 ¹9)
516 3394 625 3461 Procop.
645 3393 728 3447 Goth.
750 3395 770 3444 L
791 3394 815 3446 6.
834 3409 860 3461 p.
882 3393 941 3445 322.
1011 3392 1058 3458 ao)
1071 3387 1141 3438 Ibid.

129 3460 149 3509 Ι.
163 3477 187 3528 7.
202 3478 230 3582 p.
241 3462 300 3514 325.
373 3464 418 3533 ar)
437 3465 478 3517 De
496 3465 650 3534 magisterio
670 3464 817 3516 oiliciorum
835 3460 944 3530 legendi
962 3468 1027 3511 sunt
1044 3458 1144 3510 Iohan-

131 3547 177 3581 nes
224 3530 294 3597 ydus
317 3532 352 3586 de
379 3537 495 3605 magistr.
522 3535 557 3585 [l.
589 3551 627 3585 ro.
649 3535 691 3587 25.
719 3537 771 3598 26,
791 3534 836 3584 ΙΙΙ,
850 3534 891 3601 4ο.
918 3529 1089 3595 ct‘ilalesius
1108 3525 1144 3579 ad

130 3602 213 3652 amm.
231 3602 313 3652 Marc
330 3596 421 3656 XXVL
440 3609 464 3659 5.
502 3604 540 3655 Ex
559 3603 803 3656 diversissimorum
824 3603 994 3671 negotiorum
1015 3616 1145 3669 procura-

134 3671 227 3733 tione,
254 3688 305 3738 pro
330 3684 421 3727 nostra
447 3674 579 3743 opinione
606 3673 721 3726 ridicule
746 3682 951 3743 coagmentata,
982 3671 1145 3731 corrflatum,

131 3741 376 3809 (complectebatur,
395 3755 425 3798 ut
442 3754 536 3796 nostro
555 3760 679 3796 sermone
696 3746 787 3814 potius
805 3761 886 3814 quam
908 3742 1063 3795 Pannonica
1083 3741 1147 3792 lati-

131 3813 217 3863 nitate
235 3820 310 3864 utar:
329 3814 381 3866 das
398 3817 585 3869 Ministerium
609 3812 660 3867 der
676 3817 865 3884 auawdrtigsn
881 3811 1146 3884 Angslsgsnlssiun,

136 3878 179 3932 die
197 3885 306 3964 Acriter·
322 3881 371 3937 des
392 3884 635 3967 Hofmarsclsalls,
650 3885 972 3967 'Ceremons‘ennseistcrs'
982 3879 1043 3937 und
1060 3883 1149 3935 Gens·

134 3950 1150 4078 ttitsttt‘ttatitii‘aff’ttsstt'z„littt‘izs‘ttl‘tcatti

140 4101 170 4143 ut
193 4095 384 4147 Britannorum
409 4096 502 4163 lingua
528 4095 654 4164 apposite
679 4113 698 4146 ο
716 4097 801 4163 privy
819 4095 983 4148 Counsellor·
1004 4091 1148 4142 diceretur.

139 4161 189 4214 liic
208 4163 351 4230 diguitatis
371 4165 468 4232 gradus
489 4163 706 4233 coniungebatur
725 4183 785 4217 curn
804 4182 836 4216 co
856 4164 943 4215 cilicio
968 4166 1071 4230 inquo
1094 4159 1149 4211 ali·
1228 4194 1236 4211 .

140 4234 198 4300 quis
226 4236 294 4286 alias
322 4238 486 4288 constitutus
514 4243 586 4288 erat:
614 4251 645 4284 ac
665 4236 771 4287 Petrum
791 4234 902 4305 qutidcm
918 4240 1040 4284 nostrum
1063 4247 1150 4301 usqua

141 4301 172 4351 sd
192 4313 305 4358 mortens
324 4309 354 4357 in
372 4305 527 4374 magisterio
545 4308 724 4375 permansisse
750 4312 864 4357 constat.
936 4305 981 4375 al)
1001 4303 1150 4368 Procopius

144 4372 219 4426 Goth.
239 4376 282 4426 tv.
310 4394 347 4428 sa.
374 4393 398 4444 p.
418 4380 476 4445 ⁵9¹·
564 4376 610 4443 al)
637 4377 678 4426 De
697 4392 768 4428 auno
790 4392 844 4444 qno
863 4375 958 4425 nuncii
976 4373 1150 4443 imperatoris

147 4460 200 4496 curn
223 4447 326 4513 vigilio
353 4457 479 4513 egerunt,
512 4447 543 4498 cl.
563 4447 719 4503 Gicselcrus
752 4462 829 4497 ame
847 4445 985 4496 consultus
1009 4440 1151 4513 respondit
1221 4482 1223 4485 .

149 4530 173 4565 sc
195 4517 276 4586 piane
298 4517 405 4570 Mansio
426 4518 550 4572 assentiri
577 4520 625 4588 qui
647 4515 717 4570 iliud
739 4535 761 4570 a.
781 4518 839 4570 bia.
867 4515 1011 4586 contigisse
1030 4518 1151 4573 statuat,
