2724 5092
204 227 209 237 ’
250 221 308 324 48
695 242 906 308 messum

111 398 330 487 χ,(;,ςςςπρός
350 401 537 483 συμμαχίαν
556 391 711 485 ἥκοντας.
753 398 789 461 ἐκ
820 393 941 462 τοότων
962 397 997 460 δὲ
1028 400 1091 463 τῶν
1114 397 1309 487 προφάσεων

158 491 403 576 lod-savonae
422 497 613 584 άνεγειρεται
633 498 770 580 πόλεμος
781 548 791 579 ,
816 499 861 586 τῷ
878 499 939 579 μὲν
959 498 1115 579 α’ξιῶματι
1134 504 1200 566 τῶν
1220 497 1326 566 συνιότ

101 563 242 687 γῖβξγηῗζ
250 624 314 664 των
335 601 439 665 ἐθνῶν
458 596 514 663 καί
532 606 599 673 τοῖς
617 600 767 682 μεγέθεσι
787 597 853 661 τῶν
874 599 1084 681 παρασκευῶν
1098 599 1153 662 ἐπὶ
1169 602 1252 683 μέγα
1268 622 1326 683 προ

96 704 100 710 ’
169 696 408 784 Ρ·19βησεσθαι
426 695 483 761 καί
498 693 659 782 χωρήσειν
681 691 890 781 πολυτρόπων
910 700 1085 781 συμφορῶν
1106 699 1167 762 ’καί
1185 696 1326 784 άτεκμάρ

248 823 304 865 του
324 794 422 883 τόχης
451 799 699 882 προσδοκηθείς,
727 799 766 884 τῇ
791 798 826 887 δὲ
855 797 914 860 τοῦ
941 798 1097 877 βασιλέως
1127 795 1256 882 όξότητι
1289 824 1326 864 κα

249 899 382 988 προνοίην
404 898 604 980 κατενεχθεὶς
624 895 679 959 ἐπὶ
697 893 732 959 τό
756 893 916 980 σταθερὸν
936 898 993 959 καί
1013 889 1262 983 άσφαλέστερον.

61 995 64 1001 ’
110 1012 243 1086 A;c.376
333 996 371 1072 ς’.
404 992 475 1062 ’Ότι
495 999 558 1060 τῶν
579 996 714 1059 Σκυθῶν
736 994 931 1079 ἡττηθέντων
960 997 1017 1058 καί
1045 991 1108 1058 ὑπό
1130 994 1192 1059 τῶν
1216 986 1326 1061 Οόννω

111 1155 137 1209 v
152 1084 240 1171 Ῑῡβχλ
249 1097 486 1183 ἀναιρεθέντων
506 1098 563 1159 κατ’
581 1085 683 1179 άρδην
704 1094 930 1174 ἀπολλυμένων
950 1092 986 1157 τό
1009 1095 1140 1177 πλῆθος,
1163 1093 1193 1157 οἱ
1212 1097 1274 1176 μὲν
1294 1097 1326 1179 έγ

131 1155 566 1298 ssss‘fflamtapflavo'psvn
585 1191 644 1259 σόν
663 1196 791 1278 γυναιξί
809 1193 866 1257 καί
875 1196 1002 1270 ’τέκνοις
1024 1193 1264 1281 διεφθείροντο,
1291 1218 1326 1259 κο

246 1294 382 1380 οὐδεμία
404 1290 506 1382 φειδῶ
533 1295 590 1378 τῆς
618 1291 694 1379 περί
712 1290 786 1368 τούς
807 1291 926 1379 φόνους
956 1285 997 1378 ἦν
1017 1290 1196 1378 ω’μότητος.
1238 1292 1273 1359 τό
1307 1298 1326 1359 δ

248 1396 444 1463 συναλισθὲν
470 1395 527 1459 κατ’
553 1390 635 1478 πρός
666 1389 772 1480 φυγην
800 1390 946 1479 ὁρμῆσαν
973 1397 1094 1479 πλῆθος
1120 1396 1180 1476 μὲν
1202 1392 1242 1456 οδ
1263 1400 1325 1460 πολ

218 1497 309 1562 Βτῶν
340 1489 441 1560 εἴκοσι
473 1491 642 1577 μυριάδων
669 1486 865 1556 άποδέυυσαι
894 1493 1055 1576 συνῆλθον
1085 1494 1118 1570 ἐς
1145 1491 1181 1559 τό
1200 1492 1326 1579 μάχιμα

166 1645 171 1652 .
245 1588 472 1677 άκμυζοόσας.
501 1593 708 1676 *κινηθέντες
727 1590 783 1655 καί
800 1598 872 1666 ταῖς
894 1583 1010 1674 όχθαις
1029 1592 1215 1674 ἐπιστάντες
1234 1596 1326 1679 χεῖρό

244 1718 280 1760 τε
302 1686 419 1780 ῶρεγον
440 1691 613 1780 πόρ’ῥωθεν
632 1695 700 1774 μετ’
722 1689 915 1777 ὀλοφυρμῶν
937 1691 993 1756 καί
1010 1696 1106 1777 βοῆς,
1128 1695 1184 1757 καί
1202 1698 1326 1778 προέσει

245 1816 300 1859 νον
321 1790 490 1877 ἱκετηρίας,
509 1792 724 1876 ἐπιτραπῆναι
745 1789 803 1875 την
826 1788 977 1873 διάβασιν
997 1796 1268 1878 παρακαλοῦντες,
1291 1819 1326 1858 κα

243 1888 302 1975 τὴν
322 1892 414 1977 σφῶν
434 1886 604 1976 συμφοράν
626 1888 832 1975 ὀδυρόμενοι,
861 1887 917 1955 καί
937 1887 1123 1977 προσθήκην
1154 1894 1195 1979 τῇ
1215 1918 1326 1975 συμμα

243 1988 301 2080 χίη
323 1992 472 2076 παρέξειν
493 1981 765 2073 ἐπαγγελλόμενοι.
806 1991 836 2053 oi
857 1992 892 2054 δὲ
912 2000 982 2066 ταῖς
1003 1981 1120 2072 όχθαις
1140 1993 1326 2076 έπιτεταγμέ

244 2111 294 2153 νοι
321 2087 488 2171 Ῥωμαίων
515 2090 608 2156 οὐδὲν
628 2085 754 2176 ἔφασαν
775 2088 906 2174 πράξειν
932 2083 1010 2155 άνευ
1031 2094 1188 2173 βασιλέως
1208 2089 1326 2178 γνῶμης

244 2190 394 2254 ἐντεῦθεν
416 2183 612 2275 άναφόρεται
629 2194 690 2272 μὲν
710 2188 766 2256 ἐπὶ
784 2187 836 2255 τὸν
856 2194 991 2274 βασιλέα
1013 2189 1033 2274 ἦ
1055 2192 1187 2274 γνῶσις·
1219 2196 1326 2277 χπολλη·

219 2289 285 2354 ῦδὲ
307 2281 486 2372 ἀντιλογίας
504 2291 692 2373 γενομένης,
712 2290 769 2352 καί
788 2292 911 2354 πολλῶν
931 2290 984 2375 ἐφ’
1002 2284 1136 2375 ἑκάτερα
1156 2274 1293 2372 γνωμῶν
1312 2294 1326 2355 ἐ

242 2389 286 2474 τῷ
304 2391 459 2475 βασιλικῷ
478 2383 621 2477 συλλόγῳ
643 2385 813 2474 ῥηθεισῶν,
843 2385 930 2466 ἔδοξε
950 2393 993 2477 τῷ
1011 2394 1157 2474 βασιλεῖ.
1197 2393 1255 2455 καί
1283 2391 1323 2476 γά

319 2559 359 2610 13.
374 2554 551 2629 κινηθέντες]
584 2555 749 2622 νικηθέντες
775 2555 807 2608 ll.
942 2574 981 2628 ¹7·
999 2556 1105 2628 ἔπαγγ.
1124 2556 1313 2612 Commelinus

316 2624 428 2697 α’παγγ.
446 2626 518 2696 vulg,

84 2790 85 2793 ’
153 2833 155 2838 f
264 2788 323 2836 atos
341 2783 402 2835 iure
421 2782 520 2846 teneri,
538 2789 567 2834 et
584 2800 641 2846 eos,
660 2783 709 2853 qui
728 2790 886 2852 praesentes
906 2791 994 2848 crant,
1019 2781 1140 2837 hostium
1158 2800 1275 2836 numero
1292 2782 1326 2836 λι

244 2798 333 2918 bere,
362 2852 587 2924 quandoquidem
614 2852 744 2906 hostibus
774 2855 907 2906 auxilium
935 2854 1021 2906 latum
1048 2857 1197 2907 venissent.
1233 2857 1274 2908 Ex
1297 2855 1326 2907 h

247 2924 336 2976 causis
349 2924 519 2996 ‚Scythicum
538 2926 687 2976 cxcitatum
706 2933 748 2976 est
765 2925 886 2987 bellum,
913 2924 989 2994 quod
1008 2933 1036 2978 ct
1055 2925 1190 2995 dignitate
1209 2927 1326 2994 gentius

246 3011 319 3065 quae
352 2995 495 3057 coierunt,
518 3003 548 3062 ct
573 2995 765 3063 magnitudine
789 3003 969 3064 apparatuum
993 3012 1117 3065 magnam
1141 2996 1279 3048 variorum
1299 3011 1326 3045 (a

246 3080 327 3115 suum
356 3072 385 3117 et
408 3066 529 3116 incertae
557 3065 687 3118 fortunae
712 3068 944 3134 exspectationem
968 3067 1114 3129 movebat,
1139 3065 1189 3118 scd
1215 3066 1326 3118 acumin

201 3183 204 3192 χ
247 3133 347 3254 {ludicii
374 3135 550 3204 imperatoris
570 3144 598 3187 ct
614 3135 789 3206 providentia
816 3136 851 3188 ad
870 3137 978 3189 firmum
995 3143 1025 3188 ct
1042 3146 1134 3190 tutum
1153 3137 1260 3191 exitum
1276 3149 1326 3207 pel

270 3213 362 3257 uotum
381 3210 430 3256 est
839 3216 840 3219 ’

319 3277 344 3328 6.
382 3273 490 3342 Scythis
506 3275 585 3328 victis
603 3283 632 3328 et
646 3274 681 3326 ab
699 3277 807 3329 llunnis
821 3277 905 3328 caesis
925 3287 954 3331 et
963 3279 999 3330 ad
1017 3277 1236 3331 internecionem
1253 3289 1326 3346 usquc

250 3343 366 3408 deletis,
394 3362 498 3409 ornnes,
515 3348 565 3416 qui
583 3349 655 3413 capti
675 3355 762 3410 erant,
785 3364 847 3399 cum
865 3347 1030 3400 mulieribus
1050 3358 1190 3401 eteorum
1210 3349 1274 3399 liliis
1289 3349 1326 3399 iu·

248 3416 378 3484 terempti
397 3424 471 3478 sunt,
491 3434 551 3469 cum
569 3418 664 3471 nullus
681 3419 853 3470 crudelitatis
872 3426 901 3469 ct
918 3419 1043 3471 caedium
1063 3427 1136 3472 esset
1151 3419 1268 3481 modus,
1287 3414 1326 3500 qui

248 3495 342 3539 autem
360 3486 470 3538 collecti
490 3490 640 3558 effugerant
657 3505 714 3540 non
731 3490 821 3541 minus
841 3505 924 3558 quarn
943 3488 1086 3541 hominum
1105 3488 1224 3540 ducenta
1243 3487 1323 3550 millia,

248 3555 286 3608 ad
302 3555 408 3609 bellum
426 3557 485 3625 apti
512 3567 541 3610 et
558 3567 648 3612 setatc
664 3560 812 3623 florentes,
832 3568 1025 3612 convenerunt.
1062 3562 1160 3630 ltaque
1178 3560 1324 3629 profectiet

247 3625 284 3678 ad
310 3628 398 3696 ripam
422 3635 539 3692 stantes,
567 3646 662 3681 manus
689 3631 874 3701 elonginquo
899 3631 1093 3698 porrigebant,
1119 3640 1147 3683 ct
1164 3646 1259 3698 preces
1276 3644 1323 3682 cun

246 3698 314 3750 fletu
334 3705 363 3750 et
379 3697 577 3751 vociferatione
596 3700 773 3764 emittebant,
801 3701 993 3753 traiectionem
1010 3702 1065 3753 sibi
1082 3699 1196 3753 concedi
1216 3699 1325 3768 flagitan-

246 3775 309 3831 tes,
328 3784 405 3820 suam
425 3769 529 3821 cladem
549 3768 744 3838 deplorabant,
770 3780 798 3823 et
815 3789 846 3823 sc
863 3771 920 3823 illis
938 3771 1113 3840 praebituros
1134 3770 1233 3823 auxilii
1250 3786 1326 3822 accos·

247 3838 354 3890 sionem
377 3838 561 3908 spondebant.
596 3842 631 3891 rlt
655 3840 779 3903 Romani,
804 3842 853 3912 qui
878 3842 946 3911 ripis
967 3850 1120 3911 praeerant,
1143 3840 1217 3892 nihil
1234 3857 1262 3892 sc
1279 3840 1325 3894 nisi

247 3909 422 3976 Imperatoris
442 3911 517 3961 iussu
536 3910 655 3962 facturos
674 3910 883 3980 responderunt
922 3911 1108 3982 Quamobrem
1131 3911 1215 3964 huius
1233 3912 1271 3964 rci
1287 3929 1326 3964 co·

246 3979 335 4047 gnitio
353 3988 396 4031 est
413 3980 448 4032 ad
465 3981 660 4050 Imperatorem
679 3980 779 4032 delata.
816 3982 885 4034 Cum
903 3998 946 4035 res
965 3983 994 4033 in
1013 3999 1108 4050 magna
1125 3983 1258 4034 varietata
1275 3998 1326 4034 rcr-

247 4056 354 4100 sarctur
370 4051 513 4121 multaque
531 4051 561 4101 in
580 4059 724 4121 utramque
742 4060 848 4122 partem
869 4055 899 4105 in
916 4052 1033 4105 consilio
1049 4051 1183 4122 principis
1202 4052 1274 4104 dicta
1290 4069 1326 4106 cs·

247 4121 325 4182 seut,
357 4119 469 4173 tandem
492 4137 618 4175 assensus
642 4130 703 4185 est,
735 4122 853 4178 maxime
875 4132 989 4196 propter
1014 4123 1239 4189 aemulationem,
1255 4139 1326 4195 quam
