2724 5092
183 240 259 296 rra
612 237 774 301 nuusru

173 387 363 464 Βαόδωνος·
406 379 509 460 ἄλλως
536 408 569 449 τε
600 378 638 468 ἦν
662 390 718 451 καί
733 386 813 469 πρός
833 388 1039 472 σωφροσύνην
1059 390 1201 473 πεπηγός
1222 415 1257 455 τε

172 491 229 554 καί
257 489 513 574 διηρθρωμένος,
548 485 604 550 καί
635 484 715 572 πρός
732 485 880 571 χρήματα
900 483 1035 568 πόλεμον
1056 493 1198 569 πολεμιόν
1220 481 1257 554 ό·

171 590 322 654 σπονδον·
343 589 471 672 διέφερε
496 588 574 670 γοῦν
601 587 663 650 τῶν
684 582 817 650 εὐτελῶν
842 591 1042 672 στρατιωτῶν
1062 583 1137 652 ὅσον
1156 613 1192 672 γε
1212 590 1259 666 εἷς

170 688 302 753 πλοῦτον
329 686 440 750 οόδέν·
481 686 537 749 καί
565 684 619 749 διό
646 686 734 749 τοῦτο
763 683 863 749 ἐδόκει
891 687 1082 772 τῷβασιλεῖ
1098 687 1257 776 Θεοδοσίηι

167 784 344 872 χρήσιμος,
378 781 413 861 ός
440 809 474 850 τε
504 782 585 870 πρός
613 781 675 849 τόν
697 785 959 850 Οόαλεντινιανοό
978 783 1092 868 τρόπον
1114 785 1278 873 niddense-5

168 884 227 952 πὸν
254 878 327 951 ὄντα
358 887 414 950 καί
438 885 583 965 δίκαιον,
607 886 662 948 καί
687 881 721 948 τὸ
757 886 831 968 παρ’
854 877 972 948 ἑαυτοῦ
998 882 1097 971 βόρος
1117 887 1259 951 ἐπετίθει

167 989 311 1076 καθάπερ
344 986 443 1075 όρθόν
471 985 528 1052 καί
565 987 710 1070 ἀστραβῆ
735 1009 805 1049 τιυα
830 983 944 1052 κανόνα
971 994 1037 1060 τοῖς
1065 988 1257 1067 βασιλείοις,

166 1089 244 1178 πρός
258 1088 294 1155 τὸ
311 1091 409 1175 μηδὲν
431 1089 494 1153 τῶν
517 1084 592 1172 περί
612 1083 669 1170 τόν
691 1081 792 1169 αόλην
814 1076 1099 1170 παραβλόπτεοθαι
1113 1078 1136 1169 ἢ
1150 1081 1258 1168 ἆμαρ-

165 1189 329 1257 τόνεσθαι.
351 1197 390 1253 In
404 1209 475 1252 υοο.

250 1286 302 1374 ιη’.
347 1277 447 1363 Οότος
469 1285 662 1373 (Ῥουφῖνος)
683 1281 737 1349 ἐπὶ
758 1284 931 1348 Θεοδοσίου
954 1276 1016 1369 ἤν,
1038 1281 1300 1366 βαθυγνοόμωνηο

165 1382 334 1474 ἄνθρωπος
363 1389 420 1451 καί
446 1387 639 1470 κρυψίνους·
679 1374 761 1468 ἦσαν
783 1386 819 1448 δὲ
848 1375 941 1459 οότός
964 1406 998 1447 τε
1026 1382 1081 1447 καί
1098 1382 1258 1466 Στελίχων

166 1489 328 1574 ἐπίτροποι
348 1488 412 1550 τῶν
435 1485 605 1551 Θεοδοσίου
627 1481 759 1547 παίδων.
786 1476 887 1568 όίμφω
914 1481 953 1546 τό
973 1483 1075 1546 πάντα
1095 1478 1258 1567 συνήρπα-

165 1591 227 1668 ζον,
249 1588 284 1651 όν
303 1587 349 1674 aqi
370 1581 493 1673 πλοότηι
512 1578 549 1647 τό
571 1582 687 1668 κρότος
706 1581 875 1663 τιθέμενοι,
898 1585 954 1646 καί
974 1575 1078 1658 οόόείς
1092 1577 1179 1665 εἶχεν
1198 1579 1258 1646 ttr-

165 1706 200 1750 ον
222 1685 336 1765 οὐδὲν,
367 1686 399 1748 εἰ
415 1680 460 1768 μὴ
481 1676 603 1756 τοότοις
623 1679 734 1759 ἔδοξε·
776 1683 862 1756 δίκαι
883 1705 917 1745 τε
941 1675 1064 1747 ἅπασαι
1083 1676 1160 1766 πρὸς
1182 1679 1258 1746 rori·

162 1808 225 1849 των
246 1781 443 1862 ἐδικάζοντο,
464 1779 519 1845 καί
537 1777 636 1854 πολός
656 1773 697 1863 ἦν
717 1772 808 1863 όχλος
829 1782 892 1843 τῶν
911 1776 1142 1866 περιθεόντων.
1164 1777 1295 1857 ei'rrou15

162 1881 228 1948 τινὶ
244 1882 364 1967 χωρίον
384 1876 525 1965 όπόρχοι
545 1883 732 1964 παντομιγές
752 1903 787 1943 τε
807 1878 864 1943 καί
886 1872 1044 1965 εὔκαρπον
1051 1931 1062 1962 ,
1097 1882 1153 1944 καί
1170 1878 1187 1943 ό
1203 1881 1257 1943 δε-
1283 1902 1285 1905 ’

28 1977 31 1985 ’
74 1976 283 2067 amonim
301 1978 401 2056 εόθός
422 1976 642 2066 συνηρποστο,
664 1978 851 2064 κατηγορίας
871 1980 1091 2063 πεπλασμένης
1111 1974 1256 2061 εὐλόγου,

163 2077 219 2146 διό
239 2105 333 2146 τινων
355 2079 535 2167 όφειμένων
555 2080 797 2164 ἐνηδρευμένος,
829 2076 886 2143 καί
913 2073 930 2141 ό
958 2072 1163 2160 οἷδικοόμενος
1183 2079 1257 2163 η’δι-
1333 2128 1339 2149 ,

163 2188 262 2261 κεῖτο,
297 2181 355 2245 τοῦ
386 2179 570 2255 ἀδικοῦντος
598 2180 777 2265 κρίνοντος·
819 2182 853 2255 ἒς
873 2181 965 2243 τοῦτο
986 2179 1022 2244 δὲ
1045 2176 1063 2242 ό
1085 2174 1256 2264 Ῥουφῖνος

164 2281 326 2365 ἐχώρησεν
347 2274 560 2363 ἅμετροκόκου
582 2278 780 2359 πλεονεξίας,
811 2273 891 2343 ὥστε
918 2276 974 2342 καί
992 2272 1178 2363 ἅνδρόποδα
1199 2279 1293 2362 ‹lq-20

163 2380 261 2460 μόσια
291 2372 482 2460 οἷπημπόλει,
514 2375 570 2440 καί
598 2371 658 2441 don
689 2376 827 2462 δημόσια
857 2376 1063 2462 δικαστήρια,
1093 2373 1255 2466 Ῥουφίνιρ

165 2477 281 2551 πάντες
300 2476 462 2553 ἐδίκαζον·
505 2473 562 2539 καί
587 2474 605 2536 ό
634 2473 775 2541 κολάκων
804 2468 898 2560 όχλος
924 2475 1001 2560 περὶ
1019 2473 1118 2540 αότόν
1138 2470 1177 2560 ἧν
1198 2499 1256 2540 πο·
1352 2498 1355 2501 ’

79 2615 82 2619 «
163 2573 232 2652 λός·
277 2571 308 2639 οἱ
330 2575 366 2638 δὲ
385 2570 514 2651 κόλακες
534 2577 614 2657 χθὲς
633 2576 693 2657 μὲν
714 2574 770 2640 καί
788 2573 895 2662 πρώην
917 2575 1102 2661 δεδρακότες
1120 2576 1178 2639 τοῦ
1198 2600 1255 2640 κο-

163 2764 254 2816 locum
273 2779 289 2814 a
306 2763 438 2816 Bandone
465 2762 618 2816 obtinebat.
654 2765 767 2834 Alioqui
790 2772 914 2817 constans
939 2775 967 2818 et
984 2773 1124 2820 accuratus
1146 2771 1206 2817 erat
1223 2765 1253 2816 in

164 2834 295 2888 servanda
317 2834 472 2898 modestia,
496 2843 524 2886 et
555 2835 660 2887 bellum
693 2835 923 2889 irreconciliabile
949 2855 1010 2888 cum
1037 2835 1154 2904 pecunia
1176 2851 1254 2904 gere·

163 2903 220 2956 bat
262 2904 448 2975 Quamobrem
473 2906 555 2957 etiam
585 2906 721 2958 avilibus
745 2907 899 2970 militibus,
925 2907 1022 2960 saltem
1052 2907 1128 2975 quod
1154 2907 1189 2957 ad
1210 2904 1253 2956 di·

164 2975 245 3026 vitias
264 2976 381 3037 attinet,
412 2973 486 3027 nihil
517 2973 668 3027 differebat
720 2976 896 3047 Quapropter
923 2980 1005 3029 etiam
1037 2976 1148 3030 Caesari
1177 2976 1252 3028 Tbe-

165 3043 262 3097 odosio
288 3045 433 3098 videbatur
456 3046 548 3108 utilis,
575 3047 678 3116 quippe
692 3047 740 3117 qui
767 3047 801 3099 ad
827 3047 1016 3102 Valentiniani
1042 3064 1131 3099 morea
1159 3047 1254 3098 viriles

165 3123 195 3166 et
219 3115 304 3167 iustos
335 3130 412 3166 aarum
439 3132 549 3186 quoque
579 3119 738 3186 gravitatem
774 3117 957 3188 adiungebat,
987 3126 1118 3190 tanquam
1151 3127 1253 3170 rectam

166 3192 196 3237 et
217 3185 356 3235 immotam
380 3184 515 3254 quandam
545 3188 697 3239 columnam
733 3190 821 3257 rogiae
856 3189 1051 3240 sustentandae
1079 3194 1183 3257 aptam,
1217 3202 1253 3238 ne

87 3263 88 3267 ’
166 3253 235 3326 quid
259 3254 417 3307 detrimenti
445 3272 487 3307 res
515 3257 621 3310 aulicae
641 3268 788 3328 caperent,
814 3267 862 3310 aut
887 3259 1000 3330 nequid
1028 3261 1058 3310 in
1079 3260 1113 3311 iis
1132 3257 1253 3310 admini-

166 3325 284 3378 strandis
301 3333 466 3395 peccaretur.

240 3397 278 3450 18.
315 3396 366 3447 Hic
383 3396 532 3467 (Βοῦσαι)
556 3398 607 3450 sub
623 3398 782 3453 Theodosio
800 3398 864 3452 suit.
900 3399 987 3453 Homo
1005 3399 1143 3470 profundo
1162 3398 1254 3451 consi-

166 3466 205 3518 llo
223 3464 380 3535 praeditus,
407 3474 436 3517 et
453 3469 603 3522 occultator
627 3471 721 3522 animi.
767 3471 818 3522 llic
851 3479 943 3522 antem
963 3479 992 3523 et
1019 3470 1140 3523 Stelicho
1175 3475 1253 3521 erant

165 3543 271 3590 tutores
290 3537 409 3588 filiorum
428 3537 587 3590 Theodosii.
623 3539 711 3593 Ambo
741 3542 833 3592 omnia
851 3540 1012 3608 rapiebant,
1032 3542 1060 3593 in
1081 3540 1186 3592 divitiis
1204 3557 1255 3609 po·

164 3608 282 3661 tentiam
302 3623 378 3659 suam
398 3606 570 3661 collocantes.
607 3610 665 3662 Nec
690 3611 837 3680 quiequam
864 3611 1015 3682 quidquam
1041 3611 1163 3663 habebat
1188 3627 1253 3679 pro·

165 3679 272 3746 prium,
296 3679 350 3731 nisi
374 3678 417 3729 his
441 3681 596 3745 placuisset
635 3682 792 3752 Omnesque
820 3696 917 3734 causae
934 3682 1008 3750 apud
1025 3681 1074 3733 hos
1093 3680 1253 3733 iudicaban-

165 3757 229 3810 tur,
244 3764 395 3819 magnaque
413 3750 561 3802 multitudo
580 3751 849 3803 circumcursantium
859 3759 927 3814 erat,
946 3753 968 3803 si
988 3753 1058 3804 forte
1079 3753 1161 3803 alicui
1172 3766 1254 3820 prae·

167 3818 243 3870 dium
267 3818 382 3889 aliquod
406 3819 504 3871 fuisset
528 3821 650 3891 locuples
678 3831 706 3874 et
729 3821 831 3873 fertile.
866 3821 935 3873 Nam
953 3822 1079 3874 dominus
1107 3821 1254 3874 confestim

165 3889 382 3959 corripiebatur,
409 3890 583 3943 accusatione
609 3893 731 3960 speciosa
756 3893 883 3945 adversus
904 3909 966 3944 eum
984 3895 1098 3945 conficta
1115 3893 1165 3960 per
1183 3906 1253 3962 quo-

166 3958 282 4011 rundam
302 3961 501 4013 emissariorum
527 3960 735 4014 subornatorum
752 3961 873 4015 insidias.
908 3965 944 4016 Et
962 3965 1020 4024 illo,
1043 3964 1088 4014 cui
1106 3961 1192 4015 fiebat
1208 3962 1253 4012 in-

166 4028 255 4092 iuria,
273 4031 403 4083 iniuriam
424 4031 594 4102 patiebatur,
613 4031 673 4100 ipso
693 4034 811 4084 iniuriae
829 4041 939 4086 auctore
957 4034 1104 4086 iudicante.
1141 4032 1254 4085 Rufinus

167 4105 261 4155 auten
279 4116 311 4153 co
331 4102 476 4154 immensae
495 4110 523 4154 et
541 4103 681 4172 improbae
698 4105 828 4156 avaritiae
844 4105 993 4174 processit,
1013 4112 1044 4156 ut
1059 4104 1104 4158 rel
1122 4104 1184 4174 ipsa
1201 4119 1254 4173 pu-
