2774 5122
367 608 393 673 n
426 608 641 675 mutuum
670 610 877 676 maroam.
1055 571 1148 690 405'

48 761 152 834 ταῦτα,
173 763 214 826 ου’
243 763 405 844 δυσμενῶς
434 764 546 849 ἔχοντα
577 762 658 849 πρὸς
681 764 881 848 Ῥωμαίους,
911 759 1016 844 ἄλλως
1042 770 1079 838 δὲ
1107 776 1289 860 rpite.in

45 865 124 925 καθ’
147 857 232 946 ἡμᾶς
251 862 395 952 πολιτείηι
414 864 542 952 χαίρειν
566 865 715 930 ἐθέλοντα
736 867 837 949 δῆθεν
855 860 957 945 edida
981 848 1251 973 &sepsos-{mi
1264 875 1297 974 η’

44 962 132 1041 μίων
153 965 209 1046 τῆς
231 965 334 1027 adreci
366 963 514 1048 Τιβερίου
546 966 720 1058 βασγλείας.
750 962 850 1060 ταύτῃ
878 989 928 1031 τοι
958 969 1021 1032 καί
1039 975 1145 1036 πείθει

44 1083 82 1142 γε
104 1057 206 1126 αὐτὸν
225 1060 302 1126 κατὰ
326 1064 516 1148 Σκλαβηνῶν
536 1055 682 1148 ἅρασθαι
709 1062 866 1145 πόλεμον,
898 1064 941 1144 ὦς
963 1059 1003 1131 aiv
1033 1066 1171 1135 ὃπόσσιΙ)

22 1159 103 1245 ὅτίγν
132 1159 301 1241 Ῥωμαίων
335 1163 466 1250 riparios,
506 1171 571 1238 τοῖς
607 1164 732 1239 οἰκείοις
761 1160 986 1246 ἀνθελκόμενον
1014 1176 1145 1249 κακοῖς,

46 1264 225 1345 ἐπαρκέσαι
244 1285 279 1325 τε
306 1260 495 1344 βουλόμενοι
514 1264 553 1349 τῇ
572 1262 703 1353 πατρηίφ
724 1259 805 1327 κατὰ
826 1261 861 1327 sd
893 1267 1033 1348 μᾶλλον,
1060 1263 1145 1333 παῦ-

45 1384 156 1428 σαιντο
186 1364 246 1442 μὲν
272 1364 332 1425 τοῦ
360 1359 417 1445 τήν
441 1360 627 1447 Ῥωμαϊκὴν
655 1367 835 1446 λεηλατεῖν,
868 1362 898 1426 οἱ
927 1365 964 1427 δὲ
987 1364 1062 1451 περί
1088 1367 1146 1449 τῆς

47 1459 167 1538 οἰκείας
187 1457 241 1525 τὸν
262 1461 409 1528 κίνδυνον
429 1461 643 1539 aroasianus.
671 1462 731 1525 τοῦ
758 1464 927 1547 Καίσαρος
953 1466 1059 1528 τοίνυν
1085 1461 1145 1550 τὴν

44 1556 173 1622 τοιάνδε
203 1558 247 1634 αἱς
277 1556 374 1623 αὐτόν
401 1563 582 1635 στειλαντος
612 1562 808 1645 πρεσβείαν,
840 1554 879 1626 οὗ
906 1587 938 1628 τι
972 1560 1144 1649 η’πείθησεν

5 1658 62 1730 uod
85 1656 238 1735 Βαϊανός.
267 1658 460 1740 ἐκπέμπεται
489 1660 519 1723 δ’
547 1651 607 1724 σίν
634 1658 690 1723 ε’πί
715 1656 819 1749 τούτφ
843 1658 1011 1746 Ἰωάννης,
1039 1658 1073 1740 ὃς
1101 1660 1140 1748 δὴ

40 1762 106 1834 τοῖν
133 1755 239 1840 νήσων
260 1757 368 1843 διήνυε
388 1756 448 1843 την
471 1746 576 1843 ἆρχὴν
602 1763 776 1844 τηνικαῦτα
817 1762 873 1825 καί
897 1758 956 1838 τὰς
972 1753 1144 1848 Ἰλλυρίδος

39 1853 163 1923 ίθόνειν
191 1853 288 1939 ἔλαχε
315 1853 433 1932 πόλεις,
470 1850 562 1932 οὗτος
590 1857 844 1944 παραγενόμενος
863 1861 907 1945 [dr
927 1864 1072 1948 Παιονίρι
1100 1863 1142 1948 τῇ

39 1953 153 2044 χώρᾳ,
181 1956 355 2040 μετήγαγεν
386 1958 420 2031 ἐς
450 1955 510 2041 τὴν
530 1956 707 2039 Ῥωμαίων
727 1955 825 2025 αὐτόν
853 1983 888 2024 τε
914 1959 971 2025 τὸν
998 1960 1143 2027 Βαϊανὸν

41 2055 99 2118 καί
116 2051 174 2128 τὰς
193 2057 257 2118 τῶν
274 2048 422 2141 Ἀβᾶρων
444 2054 618 2139 δυνάμεις,
638 2058 674 2123 ἕν
694 2065 764 2135 ταῖς
785 2054 825 2143 δη
845 2063 1030 2143 λεγομέναις
1049 2056 1144 2124 ὁλκά-

5 2160 80 2226 ι5σι
107 2162 248 2238 μακραῖς
275 2152 315 2218 τὰ
347 2155 528 2241 βαρβαρικὰ
555 2155 755 2239 ,διαβιβάσας
780 2153 909 2243 αληθη.
935 2157 991 2223 καί
1009 2146 1143 2242 Ιλέγεται

41 2252 131 2339 α’μφί
160 2250 220 2328 τὰς
255 2249 278 2332 ξ’
303 2250 457 2336 χιλιάδας
487 2246 608 2320 ἱππίων
638 2254 880 2341 θωρακοφόρων
914 2257 948 2329 ἐς
981 2252 1143 2341 ιη’νῬω-

40 2357 147 2434 μαίων
169 2355 480 2438 διαπορθμευθῆναι.
511 2354 658 2418 ἕνθένδεν
688 2347 784 2428 αὖθις
812 2352 867 2417 dtoi
900 2357 957 2439 τῆς
977 2355 1231 2439 ἸλλυριοῖνΡ.165

40 2442 219 2535 διαγαγων,
243 2447 309 2516 εἶτα
331 2456 364 2526 ἐς
383 2452 442 2535 την
462 2456 600 2517 Σκυθῶν
621 2451 824 2540 ἀφικόμενος,
848 2449 985 2535 ἔμπαλιν
1006 2454 1143 2520 διελθεῖν

42 2551 260 2634 παρεσκεύασε
279 2550 337 2616 τὸν
350 2542 474 2637 Ἴστρον
504 2554 537 2617 ἐν
566 2560 637 2628 ταῖς
667 2552 871 2634 καλαμίναις
898 2547 1143 2639 α’μφιπρίμνοις

5 2652 111 2724 muris
131 2653 219 2717 νεῶν.
250 2649 359 2735 ἐπειδη
388 2653 423 2715 ti
445 2649 632 2737 ἐπεραιώθη
657 2654 691 2728 ἒς
709 2647 745 2716 τὰ
773 2650 964 2739 κατάντεκρυ
992 2655 1050 2718 τοῦ
1073 2650 1143 2738 ῥεί·

42 2754 147 2834 θρου,
168 2755 365 2835 παραχρῆμα
386 2747 443 2826 τοὶς
463 2775 496 2816 τε
516 2750 626 2833 κώμας
653 2749 830 2836 ἐνεπίμπρα
858 2755 921 2818 τοῖν
948 2753 1142 2836 Σκλαβηνοῖν

43 2848 103 2914 καί
120 2847 235 2915 ἐσίνετο
256 2848 330 2924 τούς
357 2848 476 2937 α’γρούς
487 2903 498 2934 ,
532 2845 589 2935 ἦγέ
614 2876 648 2917 τε
668 2854 725 2918 καί
753 2849 866 2938 ἔφερεν
884 2847 1010 2917 ἅπαντα
1018 2903 1028 2935 ,
1051 2852 1143 2917 otta-

42 2947 98 3025 νός
117 2974 168 3012 πω
189 2953 253 3013 τῶν
274 2951 374 3015 ἐκεῖσε
394 2947 567 3037 βαρβάρων
589 2947 818 3039 θαρρήσαντός
839 2949 869 3015 οἱ
896 2953 930 3026 ἐς
956 2959 1070 3037 χεῖρας
1089 2952 1142 3017 ε’λ-

39 3054 134 3131 θεῖν,
159 3049 191 3124 te
210 3047 251 3112 roi
281 3048 385 3115 idota'
408 3053 444 3116 di
483 3048 539 3115 καί
566 3054 732 3136 κατηρεφῆ
760 3052 817 3134 τῆς
841 3043 920 3136 ὅλης
940 3072 1144 3147 ηαταπεφψ

115 3169 155 3205 ιο.
173 3154 264 3221 τούτῳ
284 3154 322 3216 tt,
345 3153 458 3206 codrus
474 3155 545 3223 vulg.
640 3150 854 3222 ει.’1λλυρίδας
872 3155 944 3205 coni.
965 3150 999 3206 N.

41 3256 103 3291 rum
124 3247 210 3291 terras
229 3240 402 3304 invaserant,
424 3238 460 3291 ad
478 3258 525 3291 sna
545 3238 719 3292 defendenda
743 3239 862 3309 propriis
880 3238 961 3289 malie
979 3253 1142 3292 revocaren-

41 3317 105 3372 tur,
136 3317 242 3362 etcum
260 3314 367 3379 patriae
386 3328 451 3375 suae
477 3311 608 3431 opitulari
633 3307 902 3379 potius-ducerent,
926 3308 1035 3378 rapinas
1061 3326 1141 3377 egere

43 3397 77 3431 ex
95 3382 232 3433 Romanae
251 3383 364 3433 ditionis
384 3383 463 3434 terris
503 3384 650 3438 esinerent.
687 3380 745 3432 Hac
765 3379 850 3448 igitur
867 3380 1006 3448 legatione
1030 3378 1066 3432 ad
1086 3381 1140 3433 aa·

43 3453 138 3502 ianam
159 3467 174 3501 a
198 3451 313 3505 Caesare
333 3451 459 3513 (decreta,
485 3452 511 3504 ei
531 3467 707 3523 nequaquam
727 3466 784 3502 non
803 3450 1012 3519 obtemperavit
1047 3449 1091 3503 td
1109 3468 1144 3505 ee

41 3519 212 3591 procuranda
232 3525 345 3576 ioannes
366 3525 492 3575 mittitur.
517 3523 587 3575 Huic
604 3530 671 3573 tunc
689 3521 838 3573 insularum
845 3537 935 3590 ,quae
952 3523 981 3572 in
1000 3537 1033 3573 eo
1052 3529 1142 3577 tractu

42 3601 138 3655 erant,
159 3593 331 3660 praefectura
350 3590 563 3661 et'tttyricarum
585 3593 694 3645 arbium
713 3591 914 3643 administratio
939 3602 999 3644 erat
1026 3591 1142 3645 deman·

41 3662 116 3715 data.
159 3665 184 3714 is
208 3680 269 3714 cum
295 3665 440 3717 Paeoniam
466 3665 642 3726 accessisset,
675 3663 808 3714 Baianum
841 3669 870 3714 et
888 3665 1002 3714 Avarum
1028 3665 1143 3731 copiae,

41 3733 132 3801 longis
150 3735 265 3802 navigiis
282 3736 393 3787 flumine
412 3737 536 3800 traiecto,
555 3737 584 3786 in
596 3735 779 3786 Romanorum
798 3734 866 3785 fines
885 3731 1016 3787 traduxit.
1053 3733 1142 3786 Sexa-

39 3806 117 3872 ginta
135 3805 192 3856 fere
212 3807 335 3876 equitum
353 3815 516 3858 armatorum
528 3807 615 3858 miliia
631 3806 772 3857 transiisse
782 3804 928 3856 dicuntur:
947 3804 1075 3887 quaenbi
1085 3804 1140 3855 hnc

40 3873 224 3944 perduxerat,
243 3893 281 3941 ea
302 3892 394 3929 russos
420 3894 470 3945 per
503 3878 641 3944 illyricum
671 3875 808 3944 Scythiam
831 3891 925 3928 versus
953 3881 1007 3925 tter
1033 3873 1142 3936 secere,

41 3953 71 3996 et
90 3947 189 3996 iterum
208 3948 307 3998 latrum
325 3949 460 4017 navigiis,
479 3965 548 4019 quae
567 3949 707 4017 utrimque
727 3948 843 4015 puppim
862 3942 1018 4008 habebant,
1046 3951 1142 3997 trans·

38 4015 107 4067 vehi
125 4016 212 4067 iussit.
250 4019 367 4070 Baianus
386 4019 416 4071 in
434 4020 591 4070 ulteriorem
611 4018 832 4086 flurninisriparn
858 4021 1051 4085 transgressos,
1076 4029 1142 4067 con-

39 4087 134 4138 festim
152 4089 227 4138 vicos
247 4097 275 4139 et
299 4105 381 4160 pagos
413 4084 598 4141 sclavinorum
625 4090 682 4158 igni
707 4089 837 4159 ferroque
860 4086 997 4148 vastavit,
1026 4093 1055 4139 et
1080 4099 1143 4137 eum

40 4175 125 4209 nemo
145 4154 322 4211 barbarorum
352 4158 466 4212 auderet
493 4177 554 4211 cum
583 4157 631 4211 iiio
658 4175 755 4210 manos
781 4173 945 4219 conserere,
969 4156 1089 4226 (etenim
1111 4155 1144 4207 in

41 4228 123 4279 silvas
153 4236 181 4279 et
205 4244 334 4283 cavernas
352 4228 545 4301 attingerant)
563 4229 670 4292 omnia,
689 4244 760 4298 quae
778 4228 890 4298 potuit,
915 4228 1016 4296 rapuit.
1052 4225 1143 4295 Atque

39 4297 110 4350 hnic
129 4298 245 4349 Avarum
265 4301 294 4352 in
313 4301 452 4353 Scievinos
477 4300 617 4368 eruptioni
636 4299 798 4352 nouaclum
817 4297 941 4350 Caesaris
957 4294 1059 4363 legatio
1078 4311 1144 4346 cau-

42 4384 100 4420 eam
118 4367 216 4431 dedit,
243 4380 292 4422 aut
310 4371 385 4442 qnod
405 4372 521 4424 Baianus
540 4370 667 4422 Romanis
688 4369 803 4438 gratiam
822 4368 924 4423 referre
942 4366 1040 4430 vellet,
1067 4361 1143 4437 quod

44 4456 108 4492 eum
129 4439 232 4493 Caesar
249 4441 419 4494 iiberalitate
444 4449 607 4512 prosecutus
626 4440 728 4502 iuerat,
749 4437 896 4491 sedetiam
925 4453 988 4490 eum
1015 4437 1141 4510 privatae

45 4509 212 4564 inimicitiae
240 4511 403 4578 movebant,
428 4515 493 4586 quia
511 4512 629 4565 Baianus
654 4509 788 4569 sclavinis
811 4506 988 4564 vehementer
1015 4516 1074 4563 erat
1097 4509 1143 4562 in-
