2744 5182
226 244 310 329 518
450 338 454 345 ,
662 270 861 334 rnrscnru

226 431 345 507 Quare,
366 449 490 510 precor,
517 427 644 487 libenter
668 428 771 488 audias
791 439 862 505 tua,

227 531 313 605 Quae
328 539 436 588 cuncta
456 549 516 591 uon
536 545 590 609 ego
609 537 716 608 potero
738 527 925 609 producere,

225 629 296 687 Non
313 626 396 687 mille
419 626 530 687 dentur
543 628 568 686 si
590 627 665 687 mihi
686 627 825 709 linguae,
847 629 936 688 simul

225 729 309 788 Fons
333 728 432 808 ingeni
447 729 471 787 si
492 749 613 787 carmen
629 726 784 788 effundens
803 749 937 806 novum3

165 866 171 875 ι»
225 826 284 887 Sed
305 838 389 908 parte
402 825 482 886 ferre
499 848 558 908 qua
574 824 660 886 valeo
687 847 743 907 pro
769 828 905 900 viribus,

226 927 375 1009 Decerpta
392 924 491 999 lucem
504 925 639 987 nonfaat
655 946 733 1008 quae
746 925 894 996 cantibus,
949 943 956 959 ·’
1005 948 1010 956 “
1036 943 1041 954 ’
1062 943 1065 960 ·

228 1026 318 1103 Quod
333 1046 416 1085 more
437 1029 514 1085 miro
538 1026 589 1102 fit;
611 1024 708 1086 solent
724 1047 795 1086 nam
820 1025 953 1086 carmina

227 1125 356 1186 Addere
369 1125 459 1184 decus
476 1125 565 1184 rebus
591 1127 685 1206 magis
705 1108 797 1207 quam
817 1144 944 1185 sumere.

310 1225 375 1287 Deo
391 1224 510 1285 favente
531 1226 591 1289 iam
606 1224 715 1287 subibo
733 1225 867 1306 pondera
914 1280 915 1287 ,
960 1278 962 1282 ,

228 1325 359 1400 Laudis,
381 1345 503 1384 serenus
530 1345 608 1407 quae
627 1323 740 1385 relevat
763 1324 865 1385 vultus
889 1322 962 1383 mihi
1069 1363 1070 1368 κ
1104 1312 1108 1332 ’

226 1425 373 1483 Praesens
390 1423 502 1504 ubique
522 1427 656 1485 cernitur
676 1426 728 1507 qui
749 1423 907 1503 sensibus,
984 1495 986 1499 ἲ
1146 1445 1172 1507 ᾗ
1236 1497 1239 1505 ,
1320 1462 1322 1471 ’

153 1516 159 1529 ’
229 1521 349 1586 Arcena
364 1523 482 1585 nudans
496 1524 637 1611 principis
656 1524 816 1584 mitissimi.

621 1752 914 1771 -r——ss--a

313 1990 426 2074 decipe
445 1991 619 2052 'Romanum
639 1990 779 2052 elementi
795 2001 918 2073 pectore
935 2007 1077 2067 carmen,
1169 2006 1174 2011 ·

231 2084 364 2174 decipe,
386 2092 467 2174 quod
480 2088 701 2154 soleo'eaelesti
721 2091 847 2154 reddere
866 2090 941 2177 Regi
1030 2151 1033 2173 Ἰ,

231 2194 360 2252 Munere
378 2214 439 2273 pro
453 2195 552 2269 vitae,
574 2214 631 2275 pro
649 2192 778 2274 pulchro
801 2189 914 2251 lumine
930 2186 1013 2249 solls.

230 2289 369 2375 Namque
384 2292 489 2351 'Deum
503 2296 593 2353 sentis
610 2290 723 2374 placari
745 2293 877 2351 carmine
898 2295 1017 2349 tantum
1027 2291 1051 2363 ,'

144 2461 148 2471 ¹
232 2393 332 2468 Quem
347 2392 495 2473 sequeris,
516 2382 776 2475 princeps'animo
800 2388 960 2454 iustissime.
974 2395 1087 2466 ‚recto,

232 2492 293 2569 Qui
308 2490 363 2549 tibi
385 2512 477 2572 regna
496 2492 597 2571 dedit,
624 2493 673 2553 cui
690 2491 780 2553 debes
807 2492 910 2550 omnia
927 2487 983 2550 soli

232 2590 403 2671 Prospera,
426 2612 504 2687 quae
522 2590 610 2657 bellis
630 2595 743 2674 pariter
766 2589 815 2651 vel
832 2610 906 2672 paco
925 2583 1047 2663 tulisti.¹

231 2687 341 2749 Audax
362 2711 433 2750 nam
456 2694 545 2751 venio
563 2693 722 2774 praeconia
737 2690 836 2750 dicere
856 2698 979 2766 vestra,

231 2789 318 2866 Quae
333 2791 398 2851 linit
418 2789 551 2869 eaelum,
573 2792 683 2874 quibus
699 2793 797 2852 omnis
812 2790 945 2872 cingitur
961 2786 1055 2848 orbis.

230 2889 295 2949 Nec
310 2894 420 2950 mirum
435 2889 509 2952 tales
528 2914 563 2953 ex
579 2903 663 2953 tanta
681 2895 773 2973 stirpe
789 2900 906 2951 creatos
984 2914 986 2917 ·

229 2989 387 3071 Pompeii,
408 2994 530 3073 proprio
544 3014 634 3075 quem
653 2991 784 3052 culmine
804 2992 901 3051 Roma
923 2987 1032 3050 locavit
1056 3031 1066 3067 ,

232 3087 323 3148 Cuius
341 3093 407 3170 quis
422 3093 529 3152 merito
551 3091 650 3153 valeat
666 3102 825 3152 numerare
839 3088 1033 3171 triumphos,

134 3226 136 3232 -
233 3188 318 3263 Quos
333 3189 410 3249 vidit
435 3191 527 3250 Titan
548 3191 688 3273 linquens
711 3200 909 3272 repetensque
928 3186 1144 3270 profundum,

221 3287 317 3364 ‘Quos
338 3288 436 3348 medio
461 3292 585 3351 veniens
607 3301 730 3350 steterat
749 3291 875 3350 miratus
895 3287 1055 3370 Olympo?

229 3385 289 3474 Sed
310 3397 411 3448 tamen
433 3392 572 3472 egregio,
594 3391 738 3472 Pompei,
761 3389 834 3450 cede
858 3390 972 3470 nepoti.

227 3485 370 3569 ¹Namque
386 3509 501 3570 genus,
520 3486 602 3571 quod
618 3501 672 3563 tu,
694 3501 846 3550 terrarum
862 3489 962 3547 victor
975 3487 1116 3570 ubique,

230 3583 420 3648 Indomitum
439 3588 533 3648 Tauri
547 3588 707 3672 linquebas
729 3586 857 3649 collibus
874 3586 964 3665 altis,

232 3682 291 3746 Hic
309 3686 447 3766 domuit,
468 3688 587 3769 penitus
602 3686 774 3750 convellens
793 3686 908 3747 semina
924 3683 1015 3765 betti,

233 3784 344 3862 Quod,
368 3786 447 3848 celso
456 3789 588 3870 positum
607 3788 747 3849 fortunae
761 3787 880 3848 vvertice
897 3807 1015 3869 nuper,

230 3882 273 3944 Et
292 3885 410 3948 nullum
428 3888 519 3949 linem
535 3888 659 3950 credens
677 3886 814 3948 felicibus
830 3905 918 3961 esse,

231 3980 327 4065 Impia
338 3987 487 4050 condebat
504 3989 592 4050 terris
608 3997 804 4049 monumenta
817 3984 948 4058 doloris,

300 4141 385 4196 srael.
406 4143 443 4214 14.
463 4147 572 4216 ingenii
585 4147 644 4201 cod.
714 4146 775 4200 Pan.
797 4162 838 4199 aa.
858 4140 968 4197 dm...
990 4141 1053 4206 ΜΦ

1299 2380 1320 2454 5
