2774 5106
355 584 624 650 EMENANDM
650 583 855 650 ursionis.
903 612 905 617 ‚
1066 556 1150 657 305

68 741 196 821 δύσειν,
225 738 323 815 οἶδάς
351 761 385 803 τε
415 732 517 802 αύτόν
538 736 595 801 οὐκ
624 733 707 820 εἶχεν
725 729 786 823 ἧύη
816 740 969 824 περὶτῶν
989 739 1097 805 adesir
1117 737 1294 803 d-A.c.ooo

66 836 239 922 μωμυκύτα
267 835 353 915 ἅπαξ
379 836 517 911 καὶτοῖς
550 832 656 921 ύρκοις
675 836 750 919 οὐχί
768 835 1060 922 ἐγκαρτερήσαντα.
1103 816 1285 940 middidia

69 937 109 1022 δὴ
137 938 194 1001 καί
220 933 370 1019 βασιλεύς
398 937 561 1012 Ἰουστῖνος
590 928 628 1000 εὖ
656 934 749 1012 εἰδώς
776 957 808 999 τε
840 938 896 999 καί
914 934 1183 1020 τεκμαιρόμενοςε

64 1045 131 1112 τοῖς
151 1036 326 1123 φθάσασα,
353 1034 397 1109 ὥς
419 1033 627 1122 Κονιμούνδιρ
648 1032 751 1099 ἔνεστι
767 1036 898 1107 πίστεως
918 1036 1012 1100 ου’ὃὲν
1031 1033 1154 1117 ὁτιοῦν,

9 1133 245 1218 δύνηνασθαι
272 1136 332 1214 μὲν
353 1127 392 1196 ού
405 1157 435 1198 τι
464 1125 542 1221 ᾤετο
558 1135 678 1217 χρῆναι
708 1131 766 1218 τὴν
785 1136 992 1215 ξυμμαχίαν,
1013 1128 1156 1222 άναβολῇ
1262 1180 1266 1187 -

65 1237 102 1300 δὲ
123 1228 211 1314 ὅμως
231 1230 471 1317 παρεκρούσατο
491 1235 548 1296 τού
567 1228 735 1318 βαρβάρου
753 1231 809 1317 τὴν
824 1229 967 1316 αἴτησιν·
996 1229 1058 1318 ἔφη
1078 1231 1154 1318 γάρ,

65 1333 110 1411 ὥς
142 1320 386 1413 διεσκευασμένα
414 1327 453 1396 τά
479 1330 640 1412 Ῥωμαϊκά
663 1328 749 1418 ύπάρ
751 1355 805 1414 χει
832 1327 1066 1415 στρατεύματα,
1100 1330 1156 1409 ξύν

66 1434 191 1518 σπουδῇ
212 1432 248 1495 δὲ
269 1429 313 1506 ὥς
333 1421 398 1495 oliv
417 1433 452 1494 τέ
473 1431 559 1496 ἔστιν
589 1425 746 1514 ἀθροίσας
766 1429 879 1495 αύτίκα
900 1431 1072 1512 ἑκπέμψοι.
1116 1430 1156 1493 ά-

66 1528 164 1615 κηκσα
198 1530 234 1592 δὲ
263 1525 584 1611 περίΚονιμούνδου
615 1531 670 1592 καί
688 1525 812 1608 τοιάδε,
833 1527 907 1608 ἐμοί
926 1530 962 1592 δὲ
983 1529 1022 1592 ού
1040 1528 1154 1592 πιστά·
1185 1561 1186 1565 ’

9 1630 138 1694 eoas
157 1625 219 1710 γάρ
242 1626 370 1702 α’ναιύὲς
394 1625 520 1711 ὑπῆρχε
540 1624 911 1710 τὸνπαρασπυνδησαντα
926 1629 1000 1709 περὶ
1017 1627 1080 1690 τῶν
1094 1626 1155 1689 ου’-

64 1729 127 1790 suiv
148 1729 276 1810 δεῖσθαι
297 1727 352 1790 καί
371 1723 482 1790 πάλιν.
514 1728 634 1809 λέγεται
655 1727 700 1807 δὲ,
722 1721 766 1802 ὥς
788 1723 844 1789 καὶ
864 1723 1080 1810 Λογγιβαρδοι
1099 1744 1184 1809 sip-1)
1266 1768 1275 1787 .

65 1829 199 1909 νικαύτα
228 1821 480 1910 ἐπρεσβεύσαντο
514 1822 601 1911 παρά
631 1826 820 1906 Ἰουστῖνον,
845 1827 901 1888 καί
922 1819 973 1889 ὅτι
990 1828 1021 1890 Γ
1020 1821 1157 1907 η’παιύας

65 1927 117 2007 τῆς
135 1923 180 1998 ὥς
196 1922 374 2002 Ῥωμαίους
393 1920 615 2008 ἀγνωμοσύνης
628 1930 759 1989 πλεῖστα
780 1919 843 1988 ύσα
866 1919 1154 2009 κατηγορήσαντες,

64 2020 118 2107 την
145 2026 181 2087 ἐκ
204 2018 370 2102 Ῥωμαίων
405 2024 464 2103 μὲν
478 2020 668 2109 Ιθηρυύμενοι
693 2024 880 2105 συμμαχίαν
901 2016 1024 2111 ἤνυσαν
1041 2021 1154 2103 οὐδὲν,

9 2117 302 2205 ’,δυστεπρύξαντο
323 2123 358 2186 δὲ
381 2115 467 2205 ὅμως
494 2119 575 2208 πρὸς
600 2125 655 2187 τοῦ
675 2125 832 2206 βασιλέως
851 2124 934 2206 μηδὲ
953 2117 1078 2207 ἑτέρους
1095 2124 1156 2204 ,τῆς

63 2219 228 2302 ‘Poupoulon
251 2213 442 2285 άπολαάσαι
453 2223 649 2306 ἐπικουρίας.

148 2318 198 2402 ιγ’.
230 2313 299 2382 Ὅτι
316 2317 458 2394 Βαϊανὸς
473 2317 564 2385 ὁτῶν
589 2318 734 2404 Ἀβάρων
748 2314 929 2405 ἡγούμενος,
944 2320 977 2384 ἐν
998 2306 1023 2406 ᾦ
1042 2314 1171 2404 χρόνηιῐ.
1182 2326 1300 2380 A.C.568

63 2414 98 2481 τύ
121 2416 252 2501 Σίρμιον
264 2414 414 2499 ἠβούλετο
432 2416 659 2502 πολιορκήσειν,
680 2413 872 2483 Βιταλιανύν
891 2441 924 2482 τε
939 2413 993 2481 τύν
1011 2397 1254 2531 ippsqps'uffifftih
1264 2464 1282 2534 4

64 2519 119 2581 καί
138 2518 284 2596 Κυμιτάν
312 2509 397 2598 εἶχεν
427 2517 461 2581 ἐν
489 2519 631 2598 δεσμοῖς.
660 2508 759 2602 άμφω
780 2514 840 2601 γάρ
861 2513 904 2580 τύ
926 2507 1022 2598 άνδρε
1048 2538 1148 2578 soora

9 2608 227 2689 ²o’tovmaoe
248 2610 427 2695 ὅβασιλεύς
448 2608 507 2700 ἤδη
528 2613 650 2690 στείλας
671 2614 814 2701 ύπῆρχεν
846 2615 890 2691 ὥς
921 2612 1036 2695 αύτὸν,
1066 2609 1156 2696 αἰτή-

67 2736 183 2787 σοντας
206 2716 313 2794 αὐτοῦ,
337 2712 380 2788 ὥς
401 2709 441 2780 ds
464 2712 543 2779 άττα
565 2716 748 2799 διαλεχθείη
768 2739 803 2798 γε
823 2717 953 2790 αὐτοῖς.
974 2712 990 2779 ὁ
1010 2716 1046 2779 δὲ
1066 2711 1154 2799 παρά

67 2809 123 2878 τύν
142 2811 246 2878 κοινὸν
264 2816 326 2877 τῶν
346 2814 509 2898 πρέσβεων
529 2811 651 2895 θεσμὸν
671 2807 755 2897 εἶχεν
775 2816 809 2878 ὲν
830 2817 968 2896 δεσμοῖς.

138 2941 286 3005 armatii,
304 2930 343 3012 μὴ
361 2943 431 3012 vnig.
484 2940 904 3003 ra.'IovostrorN.‚’lovoctrov
921 2941 991 3009 vulg.
1045 2937 1154 3005 Γὴπαν-

135 3009 261 3082 decsolg.
316 3029 356 3065 ao.
371 3012 536 3077 αἰτήσαντες
551 3014 621 3084 vulg.
659 3032 700 3066 as.
713 3009 784 3064 ἅττα
801 3012 932 3081 ἐγκαλοίη
956 3010 1027 3061 orat
1039 3010 1110 3062 coni.
1118 3009 1151 3061 N.

66 3146 163 3192 onem,
184 3147 254 3200 quae
276 3131 347 3181 intra
366 3131 484 3183 Dravum
512 3131 624 3185 fluvium
644 3139 703 3191 est,
722 3147 912 3183 concessurum
931 3145 990 3181 esse
1008 3127 1150 3197 pollicitus

66 3209 116 3253 est.
153 3200 249 3270 Neque
266 3201 372 3270 pudore
389 3201 567 3266 afficiebatur,
589 3202 664 3273 quod
678 3202 751 3254 idem
771 3205 825 3252 iam
845 3199 931 3252 semel
948 3202 1080 3258 iurasset,
1100 3215 1153 3248 ne-

66 3288 122 3343 que
146 3271 324 3324 iureiurando
346 3274 474 3326 stetisset
510 3275 550 3325 Ex
576 3290 630 3343 qno
662 3289 722 3323 cum
749 3272 900 3341 Imperator
929 3271 1097 3339 perspiceret
1124 3276 1153 3319 et

65 3341 216 3395 coniicerct
243 3360 275 3394 ex
298 3342 356 3403 his,
385 3358 455 3413 quae
480 3351 642 3404 evenerant,
667 3341 738 3393 nihil
766 3343 856 3394 inesse
876 3339 1046 3391 Conimundo
1072 3337 1152 3401 fidei,

65 3412 179 3463 minime
195 3412 307 3482 quidem
332 3413 374 3463 illi
394 3412 581 3483 denegandum
600 3412 749 3473 auxilium,
776 3411 825 3464 sed
842 3411 975 3463 dilatione
993 3416 1021 3461 et
1038 3424 1153 3479 procss-

66 3483 218 3534 stinatione
246 3485 407 3551 petitionem
426 3482 485 3534 eius
510 3482 660 3536 ducendam
680 3482 863 3534 existimarit'
890 3479 1039 3549 Respondit
1062 3481 1150 3542 enim,

86 3570 116 3603 er
132 3555 220 3603 varias
238 3549 390 3621 provincias
411 3552 546 3622 dispersos
570 3569 629 3605 esse
648 3554 829 3604 Romanorum
854 3553 1004 3603 exercitus:
1024 3566 1083 3600 cnm
1103 3565 1150 3601 ce·

65 3570 176 3674 feritate
194 3630 223 3674 et
240 3623 331 3676 studio
349 3621 411 3674 ilios
431 3631 586 3676 coacturum
607 3630 635 3675 et
653 3640 731 3693 quam
750 3622 879 3675 citissime
899 3620 1038 3689 suppetias
1055 3621 1155 3671 missn-

65 3710 135 3744 rum.
173 3693 245 3745 Haec
256 3710 365 3764 quoqne
382 3693 450 3745 mihi
461 3695 496 3747 dc
509 3693 681 3747 Conimundo
701 3692 794 3744 audita
804 3712 810 3744 :
820 3692 869 3745 sed
885 3693 998 3743 minime
1016 3687 1154 3741 verisimi-

65 3762 106 3813 lia
124 3760 260 3814 videntur.
296 3763 366 3815 Miiii
385 3765 457 3815 enim
475 3766 541 3816 satis
556 3763 700 3834 impudens
720 3762 829 3816 videtur
850 3763 882 3824 is,
899 3763 946 3833 qni
964 3778 1024 3812 cuns
1042 3759 1154 3812 foedera

66 3832 190 3900 ruperit,
208 3831 302 3884 eadem
321 3850 411 3893 rurssrs
429 3835 506 3902 petit
544 3835 651 3887 Dicitur
668 3849 742 3897 uero,
760 3849 816 3885 non
832 3834 920 3886 solum
941 3840 1007 3883 tunc
1023 3829 1154 3897 temporis

65 3902 264 3968 Longobardos
293 3905 397 3971 legatos
429 3905 463 3955 ad
487 3906 621 3956 Iustinum
647 3903 768 3965 misisse,
799 3902 847 3954 sed
883 3903 957 3953 uasis
982 3901 1088 3951 ratione
1106 3911 1153 3949 eos

66 3970 189 4039 Gepidas
208 3971 282 4042 apud
291 3973 423 4024 Romanos
445 3974 543 4041 ingrati
562 3991 623 4042 erga
645 3975 708 4025 ilios
724 3974 807 4025 animi
824 3973 994 4024 insimulatos
1013 3985 1081 4030 esse,
1098 3983 1154 4036 quo

64 4044 153 4110 magis
163 4043 215 4112 ipsi
228 4044 332 4095 auxilio
342 4042 417 4111 digni
426 4043 594 4106 viderentur,
607 4043 654 4094 sed
665 4042 736 4095 nihil
747 4044 929 4111 profecerunt
948 4041 1005 4091 Hoc
1020 4036 1154 4090 tamenab
1252 4072 1257 4077 .

64 4113 237 4182 Imperatore
248 4116 387 4165 consecuti
399 4123 471 4176 sunt,
493 4123 523 4166 ut
534 4123 631 4166 neutra
648 4131 712 4184 gens
722 4131 737 4164 a
748 4114 874 4164 Romanis
887 4110 997 4162 auxiliis
1007 4109 1152 4158 iuvaretur.

144 4185 181 4235 13.
217 4186 334 4236 Baianus
362 4199 416 4254 quo
441 4190 562 4252 tempore
587 4184 621 4236 de
648 4182 799 4237 obsidendo
817 4182 916 4234 Sirmio
934 4177 1085 4249 cogitabat,
1102 4175 1153 4225 Vi-

64 4252 215 4307 tellianum
239 4257 416 4322 interpretem
442 4261 470 4305 et
497 4255 621 4306 Comitan
645 4256 674 4306 in
693 4253 802 4305 vincula
824 4251 948 4303 coniecit
984 4249 1040 4300 Hos
1060 4253 1152 4297 sutem

64 4322 139 4377 duos
157 4325 229 4376 viros
258 4326 376 4375 Iustinus
404 4326 554 4392 Imperator
580 4324 682 4376 dudum
703 4324 738 4373 ad
757 4322 834 4373 illum
854 4322 984 4379 miserat,
1001 4324 1031 4368 ut
1047 4315 1153 4367 aditum

63 4390 104 4445 ad
121 4394 336 4466 colloquendum
357 4411 416 4446 cum
438 4395 486 4446 iilo
504 4393 538 4446 dc
559 4395 722 4466 quibusdam
747 4390 828 4444 rebus
845 4395 979 4458 peterent
1016 4390 1044 4439 ls
1061 4394 1153 4439 autern

61 4472 164 4519 sonna
183 4466 224 4517 sas
238 4460 271 4519 *et
287 4481 429 4516 commune
451 4467 494 4516 ins
515 4467 636 4535 gentium
654 4481 700 4517 eos
718 4465 749 4517 in
768 4461 884 4520 vinculis
903 4457 1009 4511 habuit.

99 4566 260 4641 Dexippus,
278 4568 425 4637 Eutropius
441 4580 491 4621 etc·
924 4579 957 4617 ao
