2774 5106
373 637 641 703 nummum
671 641 877 708 ursrourr.
1070 619 1154 736 337

33 807 35 810 ’
67 786 209 877 ἐχθροδς
228 781 337 855 'adteri
357 814 391 855 τι
411 795 468 855 καί
481 786 654 874 Ῥωμαίων
682 797 882 880 Σκλαβιγνοδς
918 799 1099 892 duplum)
1117 808 1302 884 -d.C.5pg

67 895 175 954 ταῦτα
198 888 451 974 ἀπαγγειλάντων
472 885 573 966 edelric
599 897 660 975 μὲν
690 891 725 959 ri
747 895 937 982 ἐπιχείρημα
959 899 1013 964 καί
1033 900 1096 986 τήν
1110 879 1263 1003 tu-sssseffl

68 1013 161 1056 νοιαν
187 991 247 1053 τοῦ
278 987 434 1072 Χάγοίνου
465 991 576 1074 διέγνω
611 997 724 1078 σαφῶς
753 993 770 1057 δ
794 993 1019 1084 αδτοκριίτωρ,
1042 1000 1085 1076 ῶς
1103 1001 1185 1086 τῆνο
1242 968 1287 1008 m

67 1085 160 1153 πόλιν
179 1085 216 1153 τὸ
240 1091 372 1173 Σίρμιον
393 1092 506 1168 ἐξελεῖν
526 1090 718 1174 βουλόμενος
739 1091 898 1178 ἐργάζοιτο
919 1093 977 1182 τήν
995 1103 1157 1185 γέφυραν,

49 1180 275 1253 5οἷποκωλῶσαι
294 1187 484 1280 βουλόμενος
506 1186 562 1273 τὴν
576 1192 638 1254 τῶν
652 1191 830 1275 ἀναγκαίων
849 1195 1030 1279 είσκομιδὴν
1040 1249 1051 1279 ,
1073 1193 1158 1275 ὅπως

68 1290 153 1374 λιμῷ
173 1287 408 1372 παραστήσοιτο
429 1285 486 1371 τήν
509 1288 612 1355 πόλιν.
636 1289 754 1376 οὐγὰρ
777 1283 818 1376 ἦν
841 1292 1033 1379 α’ποχριόσας
1056 1299 1159 1361 δαπά-

67 1410 125 1462 νας
145 1385 300 1472 ἐςαιίτὴν
329 1391 605 1472 προσυνθέμενος,
639 1393 678 1477 τῇ
699 1386 878 1479 συνεοτῶσῃ
900 1391 979 1476 πρὸς
1000 1393 1156 1480 Ἀβάρους

67 1487 176 1574 εἰρήνῃ
198 1485 340 1571 θαρρῶν.
382 1487 510 1572 α’πυρῶν
532 1489 753 1573 strepente,
776 1482 865 1553 orire
887 1495 967 1574 λέγω
993 1491 1071 1578 πρὸς
1098 1492 1158 1578 τὴν

62 1582 216 1670 Ἀβυίρων
244 1584 380 1667 δυύαμιυ
410 1579 665 1672 οἷντιταξομὲνης,
701 1588 770 1653 ἀλλ’
792 1588 868 1655 οὐδὲ
897 1593 1053 1676 ὀλιγίστης
1075 1586 1155 1669 ὅλως

33 1681 274 1770 ιοὺπαρχοδσης
296 1685 399 1774 αὐτῷ,
430 1684 553 1752 πάντων
575 1689 639 1752 τῶν
657 1691 891 1773 στρατιωτικῶν
918 1688 1099 1775 καταλόγων
1119 1694 1179 1767 dcc

67 1781 125 1848 τὸν
146 1779 224 1867 πρὸς
244 1788 377 1868 Πέρσας
409 1780 547 1867 πόλεμον
575 1779 610 1851 ἐν
639 1787 785 1876 Ἀρμενίᾳ
807 1812 841 1853 τε
863 1787 920 1853 καί
935 1792 975 1879 τῇ
993 1791 1076 1880 μέσῃ
1094 1793 1156 1856 τῶν

67 1887 222 1963 ποταμῶν
244 1885 507 1968 ἐνησχολημένων,
530 1886 790 1969 α’πεπροσποιεῖτο
814 1889 911 1972 δῆθεν
925 1888 969 1964 ῶς
985 1884 1025 1952 οδ
1044 1913 1155 1955 συννο-

67 1983 150 2065 ήσας
181 1981 218 2047 τὸ
250 1985 425 2064 βουλευθέν
444 1987 487 2071 τῷ
509 1979 661 2072 Χαγυὶνῳ.
699 1981 818 2070 ἔφασκε
842 1984 881 2071 δὴ
902 1985 1072 2070 βούλεσθαι
1094 1992 1155 2070 μὲν

68 2081 126 2145 καί
143 2075 239 2159 αδτδς
260 2080 340 2146 κατὰ
353 2085 540 2167 Σκλαβιγνῶν
561 2077 679 2159 oriende
696 2089 864 2169 χωρῆσαι,
885 2085 984 2152 πολλὰ
1006 2092 1059 2173 τῆς
1074 2084 1153 2153 Ῥω-

24 2177 172 2262 τόμαίων
191 2182 390 2266 ἐπικρατείας
411 2178 586 2269 δῃούντων·
615 2181 673 2246 orire
699 2178 780 2249 εἶναι
802 2187 837 2248 δὲ
856 2190 911 2268 τῆς
929 2183 1153 2271 ἐπιχειρήσεως

67 2277 124 2344 ’τὸν
144 2277 257 2364 καιρόν
274 2273 425 2365 Ἀβάροις
446 2284 669 2369 συμφέροντα,
704 2280 854 2368 Τουρκων
882 2277 942 2368 ἤδη
973 2281 1048 2367 περί
1066 2289 1153 2367 Χερ-

66 2378 157 2444 σῶνα
177 2381 511 2464 ἐστρατοπεδευμένων
538 2378 594 2445 καί
618 2388 751 2462 ταχείαν
783 2380 933 2467 αἴσθησιν
964 2385 1087 2463 αιίτῶν,
1114 2376 1154 2466 ἢν

67 2474 121 2543 τὸν
139 2470 265 2563 Ἴστρον
296 2482 576 2562 διαπεραιωθῶσι,
598 2480 784 2559 δεξομένων.
828 2479 908 2544 α’λλὰ
930 2482 1073 2563 ἐπισχεῖν
1092 2480 1152 2568 γὰρ

67 2578 125 2641 νῦν
145 2570 224 2642 εἶναι
246 2575 342 2642 καλὸν
363 2576 503 2661 αδτοδς,
524 2582 579 2643 καί
603 2577 843 2663 ὑπερβαλέσθαι
870 2576 929 2663 τὴν
949 2578 1158 2662 ἐπιχείρησιν.

25 2673 164 2753 αοαδτός
185 2677 221 2740 δδ
241 2669 277 2739 οὗ
300 2677 419 2740 πολλοῦ
439 2674 497 2759 τὴν
520 2674 664 2742 διάνοιαν
683 2673 864 2759 γνῶσεσθαι
888 2677 1059 2762 Τοδρκων,
1082 2673 1154 2739 ὅποι

68 2773 107 2860 δὴ
141 2772 197 2858 καί
221 2779 278 2859 τῆς
306 2771 424 2861 ἐφόδου
455 2772 512 2860 τὴν
533 2772 655 2842 ἔννοιαν
674 2772 793 2859 ἔχοιεν,
826 2777 883 2841 καί
909 2772 1028 2861 ταύτην
1056 2776 1183 2861 δήληνι)

66 2871 275 2966 ποιήσειντρῖ
305 2873 454 2963 Χαγτίνιρ.
495 2879 598 2941 ταῦτα
628 2870 687 2940 ου’κ
706 2874 801 2941 ἔλαθε
830 2873 885 2941 τὸν
909 2874 1057 2962 Ἀβάρωι
1078 2901 1155 2960 πρε-

137 3008 163 3075 d.
182 3007 332 3080 ἐργάζοιτο
352 3011 390 3072 B,
409 3009 526 3079 ἐργδζοι
544 3010 615 3078 vulg.
701 3012 727 3062 8.
746 3008 867 3081 δπορῶν
883 3011 917 3064 Η.
928 3028 994 3083 mg,
1012 3009 1152 3084 duodp‘otr

137 3081 221 3151 vulg(
265 3082 305 3134 15.
322 3077 376 3133 οδκ
394 3078 467 3134 εἶναι
485 3080 528 3145 Ν.,
547 3078 584 3132 οδ
599 3085 699 3151 prelum
713 3081 785 3150 vulg.

66 3215 168 3252 norum
196 3205 306 3252 contere
335 3206 363 3252 et
391 3198 565 3252 labefactare.
601 3199 677 3252 Haeo
699 3197 796 3269 legatis
820 3198 1030 3260 nuntiantibus,
1058 3197 1151 3247 statim

66 3279 162 3339 aperte
182 3270 332 3341 Imperator
350 3270 476 3338 cognorit
493 3275 621 3321 conatum
640 3275 669 3320 ct
686 3277 806 3321 mentem
825 3269 955 3340 chagani.
991 3269 1059 3320 Cum
1078 3269 1154 3319 enirn·

67 3339 172 3410 oppido
196 3341 296 3393 Sirmio
318 3341 405 3412 potiri
430 3347 557 3410 cuperet,
581 3347 694 3408 pontem
722 3339 841 3403 iecerat,
870 3347 901 3391 ut
925 3339 1021 3408 oppidi
1049 3339 1152 3390 incolas

66 3413 192 3462 onmium
211 3428 302 3463 rerum
322 3418 474 3463 commeatu
492 3409 689 3464 intercluderet
705 3416 734 3460 et
751 3411 824 3462 farne
838 3407 873 3461 ad
891 3408 1062 3462 deditionem
1079 3425 1154 3460 eom·

65 3483 193 3552 pelleret.
229 3482 299 3535 Nam
323 3500 384 3535 cum
402 3484 552 3551 Imperator
573 3482 687 3532 minime
704 3481 767 3549 paci
785 3498 846 3532 curn
864 3479 998 3535 Araribus
1017 3479 1153 3548 composi-

66 3559 113 3604 tae
132 3551 281 3617 diffideret,
311 3554 341 3606 in
360 3551 456 3605 urbem
473 3559 639 3604 commeatus
657 3550 691 3602 ad
710 3549 883 3603 obsidionem
902 3549 1069 3603 tolerandam
1088 3551 1152 3599 ido-

65 3639 135 3674 neos
160 3623 255 3676 invehi
276 3639 333 3676 non
352 3630 499 3676 curaverat
537 3623 681 3676 Praeterea
705 3623 814 3691 copias,
832 3638 889 3674 non
907 3619 969 3673 dico
996 3636 1067 3690 qrrae
1085 3619 1151 3673 satis

67 3701 162 3745 essent
185 3692 221 3746 ad
244 3693 426 3747 resistendum
449 3693 598 3754 Avaribus,
623 3692 671 3744 sed
693 3709 729 3744 ne
754 3693 880 3744 minimas
903 3690 1014 3762 quidem
1038 3693 1151 3743 omnino

66 3761 197 3815 habebat
233 3766 344 3817 Etenim
363 3779 456 3818 omnes
475 3764 609 3816 exercitus
620 3799 629 3825 ,
649 3779 717 3832 quos
736 3765 949 3833 conscripserat,
967 3761 1073 3813 Persico
1090 3759 1152 3810 bel-

66 3832 97 3884 lo
116 3833 145 3884 in
167 3831 295 3886 Armenia
314 3844 342 3888 et
359 3834 556 3904 Mesopotamia
579 3833 704 3901 occupati
723 3841 807 3885 erant
845 3835 924 3903 Quae
950 3841 1042 3884 tamen
1060 3830 1154 3881 omnia

67 3901 280 3968 dissimulabat,
313 3915 443 3975 tanquam
468 3921 524 3958 uon
550 3904 732 3972 intelligeret,
748 3920 749 3923 ¹
765 3919 820 3972 quo
849 3903 990 3970 Chaganus
1016 3898 1153 3950 tenderet.

66 3973 166 4042 itaque
193 3977 342 4044 imperator
367 3972 526 4045 respondit,
552 3990 581 4028 se
609 3989 721 4043 quoquc
743 3973 814 4025 velle
839 3973 995 4032 sclavinos,
1022 3970 1155 4038 quoniam

22 4058 26 4066 ’
66 4043 215 4115 plerasque
234 4047 414 4098 Romanorum
433 4046 556 4114 regiones
574 4043 699 4113 praedati
726 4043 837 4095 irrorent
854 4052 883 4095 et
900 4039 1053 4094 latrociniis
1072 4054 1139 4093 vexa

66 4122 179 4178 verant,
206 4113 280 4169 bello
303 4130 383 4186 perse
404 4115 441 4167 ui.
479 4115 533 4167 Sed
557 4122 623 4166 tunc
648 4115 778 4182 temporis
803 4129 859 4165 non
885 4116 1069 4196 opportunum
1094 4121 1153 4160 esse

67 4185 203 4238 Avaribus
231 4203 291 4239 eam
309 4201 378 4255 expe
401 4186 515 4238 'tionem
535 4185 691 4254 suscipere,
716 4186 782 4252 quia
800 4184 884 4235 Trrrci
903 4199 957 4233 ram
974 4179 1046 4232 circa
1065 4179 1153 4231 Cher·

68 4271 165 4307 sonem
185 4265 314 4327 agerent,
335 4264 364 4309 et
380 4257 404 4306 si
424 4258 467 4309 illi
485 4257 583 4307 istrum
601 4255 776 4316 traiicereut,
799 4253 925 4305 celeriter
944 4251 1002 4303 eius
1022 4248 1061 4298 rei
1080 4264 1139 4299 nun

69 4325 124 4377 tior
150 4328 288 4396 accepturi
314 4335 412 4380 essent.
449 4329 544 4396 ltaque
568 4325 734 4377 commodius
759 4323 815 4375 illis
842 4337 900 4374 erse
925 4319 1103 4387 supersedere
1126 4324 1155 4371 et

71 4394 182 4448 differre
208 4398 412 4468 expeditionem
433 4399 463 4450 in
489 4393 566 4450 aliud
591 4405 707 4463 tempus.
744 4391 821 4461 Quid
845 4391 933 4442 velint
951 4390 1034 4441 Turci
1054 4398 1082 4442 et
1100 4406 1155 4460 qua

69 4475 149 4534 parte
160 4471 326 4537 progressori
345 4467 418 4530 sint,
435 4485 464 4520 sc
481 4467 558 4518 brevi
577 4467 761 4534 cogniturum,
779 4463 814 4515 de
828 4460 929 4531 quibus
941 4457 1068 4513 omnibus
1080 4459 1155 4511 Cha-

71 4552 171 4604 gsnunr
198 4539 342 4607 certiorem
359 4539 504 4592 facturum.
539 4537 612 4589 ilaec
630 4553 685 4589 non
704 4533 810 4588 latebat
825 4533 942 4587 uvarum
969 4530 1109 4601 legatum,
1138 4544 1154 4582 e

107 4643 267 4715 Dexippus,
285 4645 430 4716 Eutropius
446 4656 498 4700 etc.
919 4653 955 4692 ²²
