2774 5106
144 367 146 371 ⁸
241 266 328 352 326
677 290 887 356 axcaarra

105 459 135 512 Δ.
147 442 275 532 Cana?
296 448 460 508 πολιτεῖαι.
501 442 557 509 καί
575 439 736 529 Μεβιύδης
755 446 815 529 μέρ
836 438 1032 528 ίσχυρὸτατύ
1052 464 1119 519 πως
1137 431 1339 521 ἐπομνύμε-ι

94 599 108 650 ¹
132 529 191 616 ¹¹3³:
203 548 291 620 Ι“)νος
311 536 368 626 ἦν,
389 541 432 618 ὥς
448 541 597 624 βούλεται
618 545 663 631 τῷ
673 546 817 627 Καίσαρι
835 538 1064 627 χρησιμώτατα
1084 543 1216 618 ἐξειπεῖν
1230 542 1247 574 ⁴*
1271 538 1325 600 αἰ-

111 604 422 728 υύωήτὴσασθαι,
450 639 505 706 καί
527 643 587 723 μὲν
614 641 654 725 δὴ
685 641 936 726 ἐπιτηδειότατος
971 635 1055 706 εἶναι’
1072 637 1120 703 οἱ·
1152 637 1324 720 Ζαχαρίας

240 744 293 822 δὲ,
322 743 353 805 εἶ
380 734 476 806 οἷόντε
511 741 560 826 εἴη
598 737 813 827 λαθραιύτατα
846 743 902 805 καί
940 733 1049 824 ἥκιστα
1078 738 1323 817 ἐξεπισταμένου

238 838 322 918 τινδς
362 840 443 925 ὑπὲρ
484 842 541 925 τῆς
569 838 687 918 πόλεως
714 843 774 905 τού
794 836 905 925 Δύρας
933 839 1028 925 ῥητόν
1046 862 1077 903 τι
1096 836 1343 920 παρασχέσθαιὸ

237 938 381 1023 χρυσίον.
423 940 590 1026 Ζαχαρίας
617 943 653 1005 δὲ
685 937 805 1027 ἔφασκε
832 936 874 1006 τύ
907 937 1030 1019 τοιάδε,
1060 935 1323 1019 ἐπιτετραμμένον

210 1038 329 1128 notingi
357 1036 437 1123 πρὸς
463 1040 521 1104 τού
547 1039 731 1123 Καίσαρος,
762 1038 820 1103 ούκ
851 1040 885 1116 ἐς
915 1036 951 1103 τὸ
974 1037 1130 1123 ἐμφανὲς,
1162 1035 1239 1097 sati
1259 1028 1324 1117 μὴν

237 1133 349 1224 ἐτέρου
369 1140 608 1220 ἐξεπισταμένου
631 1136 725 1220 τινδς,
751 1131 773 1223 ἢ
798 1138 985 1223 Μαυρικίου
1014 1137 1072 1201 τού
1093 1133 1233 1202 Παύλου
1247 1127 1322 1229 ,μδ

237 1233 378 1319 μάλιστα
403 1232 597 1302 εὐνούστατα
636 1238 680 1314 ὥς
709 1235 767 1303 siv
796 1238 952 1323 Καίσαρα
980 1233 1127 1319 ἔχοντες,
1155 1229 1191 1308 δς
1224 1233 1260 1297 ἐν
1279 1231 1325 1318 τρῖ

239 1332 310 1401 τότε
330 1330 387 1399 τύν
412 1339 573 1418 βασίλειον
600 1337 726 1402 ἰθύνειν
746 1333 947 1422 ἐκληρώσατο
968 1333 1078 1417 λόγον·
1106 1328 1190 1398 ύστε
1210 1331 1361 1413 α’μέλειιο

239 1436 322 1520 μηδὲ
341 1431 421 1520 πρδς
442 1440 505 1499 ταῖν
524 1436 694 1517 βασιλείων
720 1439 872 1523 γραφέων
897 1432 938 1501 τὰ
959 1434 1033 1519 περί
1051 1435 1110 1497 τού
1127 1432 1253 1497 τοιοῦδε
1272 1453 1325 1514 ye-

237 1531 405 1620 γρύφθαι,
435 1536 481 1623 τῷ
508 1530 596 1616 μύλα
623 1537 658 1599 ἐν
691 1533 885 1624 παραβύστῳ
918 1527 1001 1598 εἶναι
1022 1532 1063 1598 τὰ
1090 1533 1324 1615 βεβουλευμένα

238 1636 286 1718 τῷ
305 1630 458 1718 Καίσαρι.
497 1630 615 1720 γράφει
645 1636 674 1699 δ’
697 1628 754 1698 ούν
775 1633 963 1719 Ζαχαρίας,
1001 1631 1044 1708 ὥς
1062 1630 1161 1708 εἴποις
1192 1625 1233 1695 ού
1251 1632 1325 1695 Με-

238 1726 344 1815 βύδης
363 1729 464 1816 λύτρα
485 1734 582 1818 δῆθεν
601 1737 661 1798 τού
678 1735 788 1817 Δύρας
802 1731 859 1798 τὸν
878 1735 1013 1814 βασιλέα
1027 1720 1222 1812 κομίσασθαι
1232 1732 1324 1813 Περ·

238 1831 326 1911 σεόν,
356 1830 443 1921 αύτῷ
460 1829 666 1918 πεισθήσεται
688 1831 705 1897 δ
725 1837 858 1917 Καῖσαρ
881 1829 922 1897 ul
942 1831 1095 1917 χρήματα
1115 1821 1379 1912 καταθήσειν,ῐῖ

239 1928 295 1992 καί
315 1927 353 2013 δὴ
378 1931 435 1994 orire
455 1932 488 2007 ές
508 1928 677 2017 α’ναβολιὶν.
706 1935 808 1999 ταύτα
829 1935 935 1997 τοίνυν
955 1928 1140 2015 Ζαχαρίου,
1160 1928 1192 1991 εί
1204 1928 1261 1990 καί
1279 1921 1324 2006 μὴ

240 2021 448 2116 οἷναφανδδυ,
470 2030 732 2114 ύπαινιττομένου
753 2032 789 2096 δέ
810 2026 897 2113 ὅμως
916 2033 959 2118 τῷ
974 2025 1139 2114 Μεβώδῃ,
1159 2018 1254 2088 ούδέν
1274 2018 1326 2106 lyr

239 2121 361 2211 ἔφασκε
381 2126 457 2214 περί
475 2125 587 2195 τούτου
621 2127 857 2216 ἐπιτετράφθαι
886 2127 964 2216 πρὸς
981 2131 1038 2194 τού
1056 2127 1214 2208 βασιλέως
1235 2127 1326 2207 Περ·

240 2227 324 2308 σῶν,
354 2228 430 2292 ortt
458 2227 522 2313 μὴν
550 2228 718 2307 α’νέξεσθαι
738 2223 817 2304 ὅλως
837 2231 892 2293 ἐπί
910 2226 1056 2314 χρήμασι
1082 2229 1269 2307 μεταθεῖναι
1288 2218 1323 2286 εδ

242 2321 365 2411 Δύρας.
406 2328 624 2410 διεβεβαιοῦτο
656 2325 774 2412 ἔμπης,
801 2330 856 2392 καί
884 2322 988 2412 ὅρκοις
1021 2324 1105 2393 τισίν
1131 2324 1272 2395 ἐπετίθει
1291 2316 1379 2386 ria:

149 2424 177 2480 Ρ·
189 2420 376 2504 niarasis,
397 2422 440 2500 ὥς
459 2429 515 2490 νύν
539 2427 570 2491 εἰ
588 2430 772 2513 προέλθοιεν
791 2426 825 2491 αἱ
840 2430 1013 2511 ξυνθῆκαι,
1035 2420 1167 2510 ύστερον
1187 2424 1327 2486 αι’τούντε

242 2523 285 2609 τρῖ
308 2526 452 2609 Καίσαρι
471 2520 585 2590 δύσειν
603 2520 708 2611 ὥσπερ
738 2511 906 2610 ἐξαίρετόν
925 2551 958 2592 τε
987 2525 1090 2608 δῶρον
1117 2520 1169 2588 τδν
1192 2521 1326 2605 βασιλέα

316 2658 338 2695 ι.
356 2639 458 2713 ἐπομν,
478 2641 534 2696 vat.
587 2646 611 2697 3.
633 2644 662 2696 oi
683 2642 758 2697 sivos
779 2643 812 2697 Η.
833 2661 885 2714 mg.
939 2644 963 2714 4.
984 2642 1047 2696 Post
1069 2639 1101 2702 δέ
1122 2642 1173 2694 ins.
1193 2640 1276 2712 ἤρετο
1294 2640 1325 2692 lt.

313 2712 356 2776 εἴη
374 2711 554 2782 N.,rlvulp,
624 2705 810 2786 pprirval„
827 2724 926 2785 μεῖναι
949 2713 1021 2780 vulg.
1091 2711 1260 2785 patenulg.
1278 2727 1325 2782 pro

310 2780 352 2840 δε·
445 2787 483 2838 rs.
503 2786 645 2856 Ζαχαρίρ,
664 2786 716 2849 oie,
735 2786 761 2836 el
781 2786 860 2853 λέγει
879 2797 927 2837 σοι
944 2789 1013 2853 Μεβ.
1033 2782 1065 2835 Ν.
1081 2804 1084 2809 ·
1152 2803 1197 2840 ao.
1213 2784 1245 2839 δέ
1264 2790 1326 2836 ante

314 2853 406 2925 ἔμπης
424 2854 475 2907 ins.
493 2857 525 2906 Ν.

245 2980 378 3034 Meborles
396 2988 580 3037 asseveranter
598 2984 760 3049 affirmavit,
785 2983 839 3039 sihi
860 2987 890 3039 ln
910 2987 1003 3040 animo
1022 3001 1095 3052 csse,
1122 3000 1194 3056 quae
1212 2982 1329 3036 maxime

248 3053 358 3103 Caesari
383 3053 545 3122 expedirent
562 3071 732 3124 proponere,
757 3064 786 3107 ct
804 3056 846 3107 illi
866 3075 948 3128 quam
963 3059 1082 3110 maxime
1099 3072 1202 3108 morem
1245 3067 1330 3105 erere·

248 3122 389 3173 Zachariae
415 3132 505 3176 autom
531 3127 649 3194 rogavit,
677 3145 712 3178 an
732 3126 791 3178 fieri
808 3137 914 3195 posset,
931 3135 964 3180 ut
983 3144 1095 3190 aurum,
1122 3128 1146 3178 si
1164 3071 1244 3196 (ρεαδ
1258 3127 1329 3174 esset

249 3198 414 3243 conventum
432 3210 482 3262 pro
502 3195 611 3246 civitate
627 3195 728 3258 Daras,
752 3195 821 3247 cla‘rn
837 3197 963 3250 omnibus
988 3205 1017 3250 et
1038 3199 1148 3249 nemine
1163 3196 1194 3248 id
1209 3195 1329 3247 rescien-

248 3266 277 3313 te
301 3263 460 3314 solveretur.
496 3264 634 3317 Zacharias
658 3266 728 3318 (lixit
744 3266 811 3327 hoc,
845 3268 910 3337 quia
928 3286 944 3321 a
964 3268 1076 3320 Caesare
1097 3267 1150 3318 hoc
1174 3264 1327 3318 mandatum

248 3332 431 3385 occultissime
448 3332 503 3385 sibi
522 3334 654 3386 creditum
675 3344 749 3400 erat,
764 3353 855 3406 neque
873 3338 930 3390 ullo
948 3339 1003 3391 alio
1022 3340 1141 3401 conscio,
1158 3352 1240 3408 quam
1251 3335 1326 3386 hlau-

250 3402 333 3466 ricio,
351 3403 426 3454 Pauli
448 3403 515 3465 lilio,
534 3406 582 3475 qui
592 3405 700 3458 Caesari
719 3407 791 3460 bene
809 3425 843 3459 aa
861 3408 952 3459 animo
970 3409 1113 3478 cupiebat,
1132 3414 1161 3460 et
1178 3415 1244 3458 tunc
1261 3410 1327 3454 tem·

248 3472 323 3542 poris
348 3474 479 3542 principis
503 3477 619 3526 rationes
644 3477 770 3539 curabat,
800 3486 832 3529 ut
855 3496 891 3530 ne
920 3478 993 3531 ullus
1017 3478 1129 3550 quidem
1156 3471 1325 3545 Imperatoris

249 3542 397 3594 scribarum
416 3546 562 3615 quicquam
581 3545 616 3597 de
635 3562 666 3598 ca
684 3563 714 3598 re
731 3548 862 3616 scriptum
880 3548 1010 3611 haberet,
1028 3564 1082 3619 quo
1102 3547 1224 3600 Caesaris
1243 3539 1325 3593 consi·

248 3613 287 3664 lia
306 3613 452 3665 secretiora
478 3624 576 3667 esseut.
612 3618 708 3688 Itaque
730 3618 839 3686 scripsit
856 3618 891 3671 aa
909 3617 1081 3680 Zachariam,
1107 3618 1131 3668 si
1153 3616 1208 3685 ipsl
1230 3610 1325 3664 Μεδο-

250 3683 297 3734 δεε
323 3683 512 3751 polliceretur,
547 3703 635 3756 regem
655 3689 790 3740 Persarum
810 3697 983 3757 accepturum
1004 3687 1132 3757 pecunias
1149 3701 1200 3754 pro
1220 3680 1325 3735 redem-

251 3752 348 3824 ptione
367 3752 443 3806 urbis
462 3755 562 3818 Daras,
589 3757 729 3810 Caesarem
747 3759 823 3810 nulla
840 3774 916 3812 mora
933 3758 1096 3826 interposita
1114 3755 1259 3826 pecuniam
1276 3767 1324 3802 nu·

249 3832 413 3876 meratururn
432 3841 498 3877 esse.
538 3827 610 3879 Haec
628 3845 686 3879 eum
704 3846 760 3880 non
782 3837 875 3898 aperte
899 3828 1026 3898 quidem,
1051 3826 1099 3878 sed
1126 3819 1324 3878 obscurioribus

248 3893 338 3946 serbis
355 3895 494 3948 Zacharias
512 3897 624 3949 Mebodi
644 3897 795 3961 indicaret,
819 3898 960 3968 respondit
977 3895 1126 3957 Mehodes‚
1150 3893 1224 3946 nihil
1242 3891 1324 3944 ribi·

250 3979 311 4034 rege
331 3964 469 4018 Persarum
488 3964 522 4020 de
540 3985 572 4020 ea
589 3985 618 4020 re
637 3969 807 4031 mandatum,
831 3985 867 4019 ne
907 3967 1053 4029 somnino
1070 3981 1160 4034 regem
1180 3965 1267 4031 Daras¹
1281 3973 1324 4030 pro

191 4074 195 4079 .
250 4037 375 4102 pecuniis
402 4038 511 4090 restitui
537 4055 678 4106 passurum
706 4055 771 4090 csse.
807 4038 1003 4091 Nihiominut‘
1020 4047 1112 4090 tamen
1133 4040 1266 4085 conventa
1288 4041 1324 4080 ret

252 4110 294 4156 est
311 4112 340 4157 ct
358 4106 521 4178 quibusdam
539 4109 698 4162 iuramentis
718 4109 784 4163 fides
801 4109 945 4181 praestita:
965 4108 989 4162 si
1001 4105 1207 4171 conventiones,
1224 4111 1257 4157 ut
1268 4108 1324 4153 Μ
