2716 5078
257 236 314 322 36
427 321 434 328 ,
493 220 498 238 ’
727 262 885 351 nexium

156 424 244 494 Mle
339 422 512 500 Σουκχαῖοι
532 413 623 491 ἔθνος
639 412 862 498 Muupou'ntov,
884 411 929 506 uic
946 412 1102 490 Δέξιππος
1121 404 1279 495 χρονικῶν
1300 412 1348 476 de-

254 518 349 604 κάτῳ.
391 519 573 604 Stephanus
594 519 668 597 Byz.
689 539 760 580 noc.
781 518 964 595 Σοοκχαϊοι.

331 611 476 700 Ἕλοοροι
497 613 656 680 Σκυθικόν
676 612 785 696 ἔθνος,
819 612 895 699 περὶ
924 603 968 676 dv
990 615 1148 691 Δέξιππος
1179 610 1212 672 ἐν
1237 632 1348 696 χρονι-

255 718 319 780 κῶν
340 710 391 797 td.
433 717 525 779 Idem
543 738 612 780 voc.
626 707 784 798 Ἕλουροι,
804 736 861 779 nee
883 737 947 777 nou
965 715 1070 793 Elyma
1089 715 1137 775 M.

338 814 496 893 Δέξιππος
523 815 559 879 ἒν
575 816 713 902 χρονικῷ
733 809 855 900 δεκάτῳ
876 811 995 897 γράφει
1014 804 1118 874 οὕτω·
1156 807 1213 872 καὶ
1231 811 1348 873 Μακε-

256 911 354 980 δόνων
383 911 571 994 Ἐπίδαμνον
604 916 637 989 ἐς
665 907 797 998 ὕστερον
823 905 1014 997 Δορῥᾶχιον
1045 912 1348 991 μετονομασθεῖσαν,

254 1010 348 1078 πόλιν
365 995 425 1098 ἱτῆς
446 1013 653 1088 Μακεδονίας
671 1012 810 1096 μεγάλην
825 1009 881 1076 καὶ
898 1005 1157 1092 εὐδαιμονοῦντα,
1177 1004 1348 1094 καεᾶξκρά-

254 1136 306 1189 τος
327 1109 492 1196 αἱροῦσιν.
535 1115 828 1200 Porphyrogenitue
847 1115 943 1176 them.
963 1114 1011 1177 11.
1025 1134 1057 1197 9.

327 1258 352 1312 8.
371 1254 506 1326 αἴρουσιν
524 1253 567 1306 ed.

327 1382 459 1436 Succhaei
468 1379 901 1453 populusMaurus‚utDexippus
909 1378 1144 1433 aitchronieorum
1153 1380 1227 1433 libro
1235 1379 1348 1436 decimo,

326 1453 441 1536 Hteluri‚
460 1470 524 1523 gens
536 1451 675 1520 scythica,
693 1450 727 1503 de
745 1450 846 1522 quibua
864 1452 1006 1523 Dexippus
1023 1452 1188 1506 duodecimo
1206 1452 1348 1505 chronico-

215 1601 221 1610 ·
255 1541 315 1580 mm
325 1524 686 1664 Abbib'puaflchronioerum
705 1548 778 1645 libro
798 1591 904 1646 decimo
922 1595 962 1646 ita
980 1593 1091 1649 scribit:
1111 1594 1147 1648 Et
1166 1592 1348 1647 Macedonum

140 1671 143 1687 ¹
255 1664 455 1752 Epidamnum,
474 1683 545 1736 quae
563 1671 659 1736 postea
679 1663 1015 1750 Dyrraclxium.nominata
1030 1673 1089 1751 est,
1106 1665 1203 1720 urbem
1221 1663 1348 1719 Macedo·

256 1752 321 1791 mae
340 1751 469 1805 maguam
486 1743 570 1809 atque
589 1734 748 1807 opulentam
765 1750 792 1790 u
810 1743 931 1804 capiunt.

712 1925 899 1943 m
999 1934 1004 1942 ι

339 2131 497 2214 Dexippus
513 2130 587 2191 dicit
602 2150 727 2190 uxorem
741 2144 743 2147 ’
756 2151 825 2190 eum
852 2125 1093 2204 (Alexandrum
1114 2126 1285 2201 Seuerum)
1301 2145 1348 2185 eu·

256 2229 375 2291 iusdam
393 2232 536 2291 Martiani
559 2229 652 2290 filiam
679 2230 819 2307 diruisse,
850 2228 1041 2310 eundemque
1075 2218 1118 2288 ab
1136 2248 1173 2287 eo
1193 2227 1348 2286 Caesarem

257 2342 485 2411 nuncupatum:
514 2351 623 2390 verum
638 2351 734 2411 quum
757 2329 849 2390 vellet
866 2329 982 2390 insidiis
995 2327 1131 2388 occidere
1146 2326 1348 2387 Alexandnnn

257 2430 452 2507 Munianus,
479 2427 597 2489 detecta
618 2429 765 2504 factione,
788 2439 818 2488 et
838 2431 937 2511 ipsum
962 2431 1156 2488 interemtum
1179 2437 1210 2487 et
1229 2447 1348 2486 uxoren

258 2529 419 2588 abiectam.
464 2527 550 2588 Idem
577 2527 651 2588 dicit
679 2528 770 2589 fuisse
799 2539 944 2610 patruum
959 2527 1151 2588 Antoninum
1171 2525 1348 2608 Heliogaba·

258 2626 323 2687 lum
340 2627 527 2705 Alexandri,
547 2649 608 2687 non
623 2630 735 2688 sororis
758 2630 860 2689 uxoris
884 2628 1019 2689 eiusdem
1050 2627 1159 2690 filium.
1201 2624 1348 2709 Lampri-

257 2726 331 2787 dius
346 2728 380 2787 in
394 2725 588 2789 Alexandro
609 2726 731 2789 Seuero
755 2748 828 2811 cop.
845 2727 963 2796 XLIX.

339 2826 437 2888 Addit
449 2828 622 2910 Dexippus,
637 2838 757 2888 tanum
773 2828 879 2888 odium
894 2828 985 2904 fuisse
1004 2813 1180 2908 Maximini,
1196 2838 1242 2905 ut,
1260 2828 1346 2886 inter-

256 2927 342 2988 fectis
365 2927 547 3007 Gordianis,
564 2929 673 3010 viginti
690 2930 773 2988 viros
788 2939 910 2989 senatus
930 2931 1096 3007 creaverit,
1119 2950 1198 3010 quos
1218 2944 1342 3010 oppone·

257 3037 305 3086 ret
324 3027 509 3088 Maximino:
546 3027 693 3110 equibus
726 3027 850 3088 fuerunt
876 3027 1022 3088 Balbinus
1044 3038 1074 3088 ct
1094 3029 1260 3106 Maximus,
1276 3041 1338 3108 quos

258 3128 365 3186 contra
379 3148 448 3186 eum
464 3128 616 3209 principes
632 3127 777 3190 fecerunt.
819 3126 903 3190 Idem
915 3126 1017 3205 addit,
1038 3129 1070 3187 in
1097 3129 1260 3209 conspectu
1283 3125 1337 3185 Ma-

258 3227 362 3285 ximini
382 3229 443 3286 iam
469 3226 615 3286 desertis
641 3226 788 3287 militibus
810 3226 978 3305 Anolinum
996 3227 1183 3310 praefectum
1203 3221 1337 3309 praetorio

257 3327 352 3408 ipsius
367 3337 397 3387 et
411 3326 508 3387 filium
521 3329 585 3387 eius
606 3329 751 3388 occisum.
795 3325 996 3410 Capitolinus
1016 3329 1052 3391 in
1065 3326 1251 3389 Maximino
1272 3318 1337 3385 iuni·

227 3450 228 3453 ¹
258 3444 314 3488 ore
332 3444 404 3508 cap.
422 3423 480 3487 VI.

344 3524 501 3606 Dexippus
522 3535 553 3585 et
577 3524 728 3587 Arrianus
753 3536 784 3586 et
809 3525 898 3586 multi
925 3525 977 3586 alii
1013 3527 1121 3586 Graeci
1150 3526 1340 3608 scripserunl,

260 3623 429 3687 Maximum
444 3635 474 3685 et
496 3625 659 3686 Balbinum
676 3628 873 3707 imperatores
892 3637 998 3688 contra
1017 3628 1219 3688 Maximinum
1240 3628 1340 3687 factos:

260 3726 429 3787 Maximum
459 3735 561 3785 autem
594 3747 664 3785 cum
700 3728 831 3786 exercitu
850 3728 977 3787 missum
1003 3737 1033 3786 et
1064 3727 1147 3808 apud
1178 3728 1348 3787 Ravennam

259 3824 376 3885 bellum
404 3845 548 3906 parasse,
571 3823 746 3906 Aquileiam
769 3837 871 3886 autem
894 3828 954 3888 nisi
978 3828 1129 3888 victorem
1152 3849 1214 3888 uon
1235 3827 1348 3889 vidisse·

259 3922 352 3986 Idem
366 3923 485 3988 ibidem
499 3942 574 4008 cap.
591 3924 672 3986 VII.

346 4024 492 4085 Gordiani
509 4045 590 4103 nou,
611 4036 647 4086 ut
670 4025 797 4106 quidam
819 4027 951 4107 imperiti
985 4028 1149 4109 scriptores
1172 4027 1348 4110 loquuntur

263 4120 342 4204 duo,
363 4121 414 4184 sed
435 4132 497 4184 tres
511 4123 653 4203 suerunt3
675 4124 768 4207 idque
788 4125 915 4188 docente
934 4123 1078 4206 Arriano,
1099 4129 1247 4210 scriptore
1260 4128 1348 4187 Gne

665 4390 687 4455 ,ν
