2738 5228
160 263 168 279 ·
237 242 335 370 598²
409 275 427 324 -’
492 276 680 350 'ranna
711 273 860 348 aaron*
885 271 1025 350 sarra
1088 276 1101 289 ‘·

232 443 355 516 Prisco,
385 431 552 503 Menandro
592 444 756 526 ceterisque
785 443 935 507 historicis
955 454 994 503 'ae
1018 443 1217 526 geographis,
1241 447 1327 508 into?

232 527 290 584 rim
323 525 445 585 consule
471 527 560 588 Notas
584 527 686 588 Caroli
708 527 877 587 Cantoclari
893 527 938 586 ad'
950 527 1164 587 Menandrum.
1210 529 1315 611 Dago-

231 631 298 675 nees
321 608 409 680 nobis¹
424 612 542 688 ignoti:
567 611 640 693 quid
656 611 680 670 si
695 610 877 672 Dardanees?
903 609 1054 691 Equidem
1072 611 1235 671 Dabanam
1255 618 1317 675 sive

231 691 410 768 Davanam,
428 693 634 755 Osroenorum
648 693 775 767 urbem,
797 693 826 753 le
847 695 856 753 i
879 693 908 752 in
931 693 1046 754 Notitia
1078 696 1239 776 utriusque
1260 698 1315 756 im·

231 775 327 856 perii,
352 786 382 835 et
406 777 488 856 apud
507 777 704 837 Ammianum
729 715 940 836 Marcellinum
965 775 1043 836 libro
1061 778 1112 837 23.
1155 778 1219 838 Pro
1244 778 1315 839 Dil-

232 861 339 938 ataims
367 880 429 919 non
445 859 620 920 Dilmaenos
647 860 815 932 substituo,
843 859 895 919 sed
916 858 1114 933 ,Dilimm'tam
1141 883 1218 942 quos
1237 864 1315 945 Aga-

231 940 310 1001 thias
332 941 534 1014 scholasticus
561 944 844 1026 Sabiris‘tanquam
863 943 963 1002 hostes
980 941 1084 1002 obiicit
1109 942 1194 1005 libro
1222 950 1311 1006 tertio

230 1045 299 1105 pag.
313 1023 365 1087 88.
378 1036 408 1086 et
424 1028 638 1108 sequentibus:
661 1024 690 1087 oi
704 1025 740 1088 δὲ
760 1026 943 1102 Διλιμνῐται
969 1020 1235 1104 μέγιστονέθνος
1254 1031 1311 1089 τῶν

230 1101 317 1178 ἐντὸς
343 1108 489 1190 Τίγρητος
519 1109 664 1187 ποταμοῦ
697 1110 738 1191 τῇ
768 1106 910 1184 Περσίδι
935 1103 1027 1191 χώρᾳ
1049 1103 1311 1190 ’προσοικούντων

150 1170 154 1193 ¹
228 1185 455 1267 μαχιμώτατοί
476 1191 511 1252 τέ
532 1190 611 1253 εἰσιν
633 1185 667 1253 ἒν
692 1197 757 1263 τοῖς
779 1187 928 1268 μάλιστα.
970 1190 1076 1251 Cetera
1104 1195 1220 1253 curiosi
1248 1187 1319 1255 loeo'

228 1291 246 1330 a
264 1273 351 1333 nohis
368 1275 501 1334 indicato
518 1293 573 1357 per
597 1277 693 1337 otium
704 1275 820 1356 legent.
851 1273 1076 1357 Urgct'quippe
1092 1277 1308 1359 typographus,

123 1363 150 1424 Ρ.
172 1353 397 1438 116clamatque
417 1379 540 1418 manum
552 1357 717 1419 tollendam
732 1358 771 1418 de
790 1355 915 1434 tabula,
937 1377 976 1418 ne
995 1359 1128 1439 primum
1140 1357 1204 1419 hoc
1227 1360 1309 1422 volu·

228 1452 303 1498 men·
320 1462 337 1500 a
353 1439 491 1520 plurimis
510 1444 673 1522 expetitum
692 1439 879 1502 diutius-sub
900 1439 1005 1519 praelo
1024 1440 1153 1501 laboret.

252 1522 255 1525 ’
309 1523 389 1602 Pag.
407 1524 456 1584 23.
472 1525 505 1584 B.
520 1523 607 1603 [486‚
627 1522 687 1609 16.]
720 1524 849 1584 Iustinus
871 1522 1062 1583 Marcianum
1086 1528 1236 1586 ermines
1257 1529 1309 1586 im-

222 1605 309 1690 perio
334 1605 500 1679 submovit,
541 1606 781 1692 Theodorimrque
810 1606 961 1666 substituit.
1015 1607 1169 1689 Euagrius
1199 1608 1254 1670 lib.
1283 1607 1313 1671 5ss

228 1702 333 1770 capp·
352 1688 541 1747 Marcianum
553 1688 592 1748 ab
603 1690 726 1766 Acacio,
744 1689 867 1750 homine
883 1689 1011 1771 superbo
1030 1712 1065 1750 ac
1078 1692 1306 1770 contumelioso,

227 1771 390 1852 spoliatum
419 1770 564 1852 dignitate
590 1782 704 1831 narrat.
744 1771 989 1854 Theophylactus
1013 1773 1181 1834 Simocatta
1204 1774 1257 1836 lib.
1282 1777 1308 1837 5.

226 1860 293 1935 ehp.
307 1852 353 1914 ir,
380 1866 495 1934 patrem
512 1854 613 1915 Aeacii
636 1855 771 1936 designat
791 1852 994 1915 Archelaum:
1016 1857 1099 1916 unde
1128 1861 1249 1920 occasio
1263 1860 1316 1919 er?

225 1938 313 1997 randi
343 1936 413 2018 data
438 1937 618 2019 Theophani
642 1938 836 2019 Confessori,
877 1941 929 2020 qui
957 1937 1141 1999 Archelaum
1167 1963 1227 2023 pro
1251 1942 1308 2002 filio

225 2021 289 2081 eius
305 2020 417 2081 Acacio
439 2020 601 2102 subrogat,
633 2031 662 2081 et
689 2024 720 2080 in
738 2021 802 2081 aliis
823 2019 973 2105 plerisque
995 2043 1014 2080 a
1047 2043 1122 2082 vero
1146 2023 1266 2084 deficit:
1290 2017 1314 2083 o‘v

226 2102 261 2164 δὲ
276 2098 480 2184 αὐτοκράτωρ
493 2101 661 2177 Ἰοοστῖνος
688 2103 739 2164 ἐπὶ
766 2109 831 2175 τοῖς
860 2104 1082 2182 πραττομένοις
1109 2103 1306 2167 detranat&

223 2179 275 2248 τὸν
300 2185 360 2262 μὲν
380 2186 546 2266 Μαρτῖνον
571 2186 627 2266 τῆς
649 2185 835 2267 στρατηγίας
867 2183 1056 2262 αἀελοτύνει,
1080 2186 1254 2267 Ἀρχέλαον
1275 2188 1308 2250 δὲ

221 2274 402 2349 χειροτονεῖ
411 2263 591 2349 στρατηγόν.
635 2263 651 2328 ὅ
669 2268 704 2330 δὲ
724 2264 926 2350 Ἀρδαμοὶνης
945 2262 980 2328 ri
996 2265 1109 2346 Δᾰρας
1129 2270 1307 2351 παρέλαβε,

224 2350 279 2410 καί
302 2347 393 2409 τοῦτο
417 2345 532 2425 μαθών
565 2344 760 2428 Ἰουοτῖνος,
783 2347 994 2430 καταπλαγεὶς
1020 2351 1064 2434 τῷ
1098 2353 1231 2432 μεγέθει
1257 2356 1308 2433 τῆς

224 2432 394 2513 συμφορᾶς
413 2427 494 2515 νόσῳ
514 2431 705 2516 παραφορᾶς
724 2428 951 2512 περιβάλλεται.
995 2436 1096 2511 Quem
1120 2436 1307 2497 substituerit

223 2513 380 2573 Marciani
395 2512 461 2574 loco
490 2515 638 2590 lustinus,
678 2517 781 2591 reticet
813 2517 989 2598 Euagrius,
1010 2539 1120 2600 *neque
1157 2520 1308 2581 Theodori

224 2596 314 2656 huius
342 2599 496 2673 meminit,
525 2599 578 2658 sed
613 2601 716 2681 Magni
742 2599 886 2659 duntaxat
910 2595 1090 2678 cniusdam,
1112 2603 1170 2683 qui
1192 2624 1306 2665 mensae

223 2683 409 2762 argentariae
425 2678 612 2762 praefuerat,
639 2703 789 2764 unamque
810 2704 844 2742 ex
867 2681 1065 2764 imperatoriis
1090 2685 1220 2765 aedibus
1240 2709 1305 2769 prn-

222 2774 360 2823 curarat:
383 2764 446 2824 eius
469 2764 552 2823 haud
576 2765 686 2840 dubie,
710 2766 824 2847 dequo
839 2764 986 2848 Corippus
1009 2767 1097 2826 initio
1123 2767 1304 2854 Panegyrici

222 2847 362 2906 carminis
377 2867 446 2906 mox
466 2847 615 2908 citandus.
669 2918 671 2920 ,
961 2875 962 2879 ’
1234 2861 1238 2867 ”

303 2930 380 3010 Pag.
404 2931 451 2990 23.
469 2930 505 2989 B.
522 2928 616 3012 [486,
644 2925 707 3012 162]
749 2930 934 2990 Theodoram
959 2930 1152 3014 cogitamenta
1189 2935 1306 2996 th'rnn.

221 3010 312 3070 Multi
336 3033 391 3093 per
413 3026 447 3072 ea
470 3024 606 3095 tempora
629 3024 792 3073 occurrunt
813 3013 977 3074 Theodori.
1020 3015 1173 3098 Corippus
1196 3020 1303 3079 Gram-

220 3096 347 3154 maticus
373 3096 459 3154 initio
482 3095 551 3157 libri
580 3097 670 3178 primi
696 3107 846 3156 senatores
868 3095 1078 3180 palatinosque
1106 3121 1182 3181 prae
1206 3105 1305 3162 ceteris

220 3177 349 3257 insignes
380 3198 641 3257 commemorans,
667 3179 863 3243 Theodorum
898 3182 1077 3263 Magistrum
1109 3204 1174 3243 non
1199 3189 1305 3246 omittit

220 3279 289 3324 cum
309 3261 438 3340 Magno,
463 3261 908 3340 Demetrio,Anastasioetc.:
991 3277 1010 3330 ,t
1115 3278 1116 3288 ¹

314 3337 318 3348 ⁴
343 3341 406 3401 Nec
426 3365 485 3402 iton
500 3347 705 3425 magnanimis
719 3348 839 3418 mentri,
865 3357 893 3404 et
911 3347 1028 3405 nomine
1051 3346 1207 3430 Magnus,

341 3426 441 3486 Mente
455 3428 578 3511 placens
599 3427 754 3501 Donu'nis,
779 3430 870 3502 sacris
887 3428 1049 3488 ratlanihtn
1063 3444 1181 3513 nptias,

342 3503 495 3568 Rectorem
510 3510 595 3570 Latii
608 3511 753 3570 discessor
764 3512 912 3607 'faroaldus
933 3512 1011 3570 orbis
1026 3533 1038 3584 ,·

342 3587 558 3677 Successnrque¹
568 3594 657 3667 boni,
674 3594 865 3676 recidivaqroe
883 3595 983 3674 glarea
1004 3594 1103 3656 Pctn'.

251 3664 260 3694 ⁸
339 3674 422 3735 Hinc
449 3671 617 3737 Theodorus
632 3677 836 3760 atleat'patria
853 3679 999 3757 gravitate
1014 3678 1185 3760 Megisten

338 3758 422 3818 Hinc
440 3773 549 3819 secreta
570 3782 672 3820 sacrae
693 3768 821 3820 tractans
838 3759 1005 3820 Demetrius
1019 3762 1122 3823 aulae.

215 3837 340 3920 Theopli
364 3838 458 3901 lactus
480 3841 643 3902 Simocatta
662 3843 719 3904 lib.
734 3843 763 3903 ὅ.
784 3865 851 3925 cap.
874 3845 920 3906 15.
941 3844 1073 3904 'missum
1087 3847 1137 3907 ‘ad
1150 3846 1302 3908 Chosmi‘n

214 3936 317 3984 narrat
338 3863 503 4005 deddapov
524 3925 563 4008 τῇ
576 3923 761 4008 μαγιοτερΙᾳ
785 3923 873 4008 α’ρχῇ
891 3921 978 4005 παρὰ
1000 3921 1177 4005 Ῥωμαίοις
1208 3924 1302 4005 ripoi-

214 4002 308 4081 μενόν
324 4026 356 4066 τε
377 4007 433 4066 κατ’
451 4003 682 4085 γεραιρόμενον.
715 4007 774 4066 ‘Ad
794 4008 897 4079 hune,
922 4020 957 4068 ut
989 4010 1136 4090 videtur,
1164 4012 1303 4075 Theodo

213 4107 281 4145 rum
313 4088 431 4169 scripsit
453 4089 896 4167 Childebertus,'Francnrurn
919 4114 995 4169 rer,
1019 4095 1206 4176 epistolam,
1230 4111 1302 4178 quse

213 4179 258 4236 nat
279 4170 331 4230 33.
352 4174 430 4232 inter
449 4173 609 4241 Francieas
632 4195 650 4239 a
677 4175 862 4258 Marquardo
884 4175 1023 4239 Frehero
1052 4178 1177 4263 editas,
1207 4181 1302 4264 sieque
