2716 5078
359 648 360 651 γ
465 529 728 653 saxoneum.
1087 559 1141 676 37

56 762 103 801 css
116 739 278 816 historiae,
296 738 425 800 docente
440 742 513 801 item
523 741 675 824 Dexippo,
691 743 809 804 Graeco
823 753 963 822 auctore,
977 750 1145 826 potuerunt

55 841 220 901 addiscere:
255 842 310 922 qui
330 841 448 901 etiamsi
465 840 620 920 breviter,
639 840 679 902 ad
701 840 793 903 fidem
805 854 907 906 tamen
923 846 1026 907 omnia
1040 867 1143 929 perse·

54 943 130 1022 qunti
150 952 237 1002 sunt.
281 938 373 1002 Idem
394 942 428 1002 in
445 939 624 1004 Gordianis
642 962 715 1027 cap.
740 941 789 1004 II.

124 1040 226 1101 Filius
241 1040 409 1119 (Gordiani)
436 1039 559 1124 legatus
579 1044 695 1123 patris,
725 1042 862 1124 exemplo
887 1043 1082 1125 Scipionum,
1105 1057 1140 1108 ut
1148 1049 1177 1102 a.
1188 1048 1239 1119 342

54 1137 199 1221 Dexippus
214 1141 350 1200 Graecae
372 1139 516 1202 historiae
547 1152 653 1202 auctor
679 1148 750 1222 est,
783 1141 875 1224 gladii
905 1151 1053 1224 potestate
1072 1166 1140 1208 suc·

57 1241 158 1301 cinctus
182 1251 241 1301 est.
286 1238 378 1301 Idem
396 1239 514 1302 ibidem
533 1261 608 1324 cap.
629 1241 687 1308 IX.

124 1341 284 1422 Dexippus
305 1351 411 1423 putat,
433 1343 499 1401 eius
519 1341 616 1401 filium
635 1363 699 1402 csse
722 1341 913 1403 Gordianum
927 1345 1068 1421 tertium,
1089 1347 1141 1426 qui
1239 1331 1264 1364 ⁹

61 1451 115 1520 post
136 1439 211 1500 baec
243 1462 315 1502 cum
338 1439 465 1501 Balbino
489 1452 521 1501 et
537 1441 693 1525 Pupieno,
725 1445 790 1503 sive
815 1444 970 1519 Maximo,
998 1444 1142 1525 puerulus

63 1540 169 1622 uleptus
186 1551 233 1601 est
256 1543 432 1622 imperium.
474 1540 568 1602 Idem
589 1540 668 1606 ibid.
687 1562 762 1626 cap.
785 1541 875 1602 XIX.

128 1642 283 1724 Dexippus
303 1652 476 1719 asseverat,
499 1662 534 1700 ex
554 1640 616 1701 filio
638 1641 785 1702 Gordiani
803 1643 928 1703 tertium
952 1644 1142 1707 Gordianum

66 1753 235 1806 menamm.
276 1739 369 1804 Idem
383 1739 462 1803 ibid.
478 1761 553 1823 cap.
573 1740 699 1806 XXIII.
1030 1728 1034 1733 ⁴

9 1918 11 1923 s
127 1843 280 1923 Dexippus
311 1853 342 1901 et
373 1839 548 1901 Arabianus
577 1842 745 1901 Maximum
777 1852 808 1902 et
839 1842 1000 1904 Balbinum
1035 1844 1142 1906 dicunt

9 1983 14 2027 2
71 1936 153 2000 datm
178 1951 287 2001 contra
313 1941 513 2000 Maximinum
536 1952 606 2021 post
626 1941 809 2002 Gordianos.
860 1941 954 2004 Idem
981 1944 1016 2003 in
1043 1944 1139 2010 Max.

73 2041 187 2104 tilioli.
201 2041 318 2124 cap.I.

14 2131 16 2135 ⁷
130 2141 280 2223 Dexippus
306 2142 493 2200 Graecorum
514 2142 644 2222 scriptor
661 2142 830 2202 Maximum
854 2154 884 2203 et
902 2143 1063 2204 Balbinum
1081 2145 1139 2203 im-

18 2285 20 2287 >
75 2251 194 2315 pastores
216 2240 292 2301 dicit
311 2239 406 2301 factos
427 2251 534 2300 contra
557 2242 758 2327 Maximinum
788 2252 859 2323 post
879 2241 1049 2302 Gordianos
1064 2243 1140 2303 duos

75 2346 126 2398 eta
147 2343 278 2408 Maximo
306 2340 423 2401 victum
451 2341 673 2420 Maximinum,
702 2362 765 2401 non
802 2363 821 2401 a
847 2341 997 2423 Pupieno.
1048 2341 1141 2403 Idem

9 2497 27 2522 ,ἵ
76 2433 129 2504 ibid.
147 2460 217 2525 cap.
242 2438 320 2501 XV.
508 2441 511 2451 ’

9 2587 31 2597 .,
129 2539 183 2599 Sub
205 2540 255 2600 his
275 2551 445 2621 pugnatum
467 2562 487 2601 a
516 2542 625 2624 Carpis
646 2551 753 2600 contra
773 2540 894 2601 Moesos
917 2539 994 2618 fuit,
1018 2551 1049 2600 et
1065 2539 1141 2623 Scy-

9 2628 30 2700 ..3
76 2632 125 2695 ibici
145 2639 209 2701 belli
243 2642 430 2722 principium
459 2653 490 2702 et
516 2642 650 2702 Histriae
682 2639 831 2701 excidium
871 2661 907 2700 eo
928 2651 1084 2723 tempore3
1106 2652 1141 2703 ut

9 2787 22 2818 4
77 2746 147 2798 tuam
163 2740 316 2822 Dexippus
337 2740 422 2817 dicit,
443 2740 594 2800 Histricae
611 2741 754 2800 civitatis.
797 2740 952 2823 Dexippus
978 2740 1140 2801 Balbinum

12 2902 20 2913 Α
73 2838 260 2919 adlaudat,
298 2851 329 2900 et
358 2839 432 2899 dicit
460 2840 531 2900 forti
564 2842 666 2899 animo
688 2839 835 2899 militibus
856 2842 1022 2901 occurrisse
1046 2852 1137 2923 atque

11 2997 20 3013 Μ
72 2930 248 3019 interfectum
276 2951 313 2999 ut
339 2949 470 2999 mortem
495 2960 558 2999 non
579 2942 719 3001 timeretc
750 2960 842 3020 quem
862 2941 894 2998 in
914 2940 1055 3001 omnibus
1090 2939 1139 3000 di·

70 3038 168 3119 sciplinis
189 3045 374 3102 instructum
390 3039 483 3100 fuisse
502 3040 588 3100 dicit.
632 3040 834 3099 Maximinum
852 3061 926 3121 vero
937 3050 1028 3123 negat
1058 3041 1139 3100 eius·

69 3138 123 3199 nodi
149 3145 252 3201 vuum
285 3140 395 3217 fixisse,
416 3138 539 3222 qualem
560 3140 669 3198 Graeci
689 3138 827 3220 plerique
847 3138 998 3205 dixerunt.
1041 3137 1140 3199 Addit
1166 3148 1170 3165 ¹

65 3249 201 3320 purtem,
222 3251 331 3301 contm
345 3241 515 3300 Maximum
531 3238 776 3321 Aquileiensium
795 3248 915 3298 tantum
936 3236 1041 3298 odium
1062 3236 1138 3298 liris-

65 3351 92 3413 s,
109 3352 140 3400 ut
157 3342 197 3402 dc
218 3340 355 3400 crinibus
375 3339 539 3401 mulierum
563 3359 687 3399 suarum
703 3338 835 3398 arcubus
855 3359 966 3399 nervos
986 3340 1136 3415 facerent,

63 3444 126 3518 tque
153 3443 197 3501 ita
221 3443 345 3522 sagittas
373 3441 557 3501 emitterent.
606 3439 763 3518 Dexippus
794 3449 824 3498 et
846 3436 1058 3517 Herodianus,
1081 3442 1135 3523 qui

62 3528 143 3598 lamro
176 3542 352 3623 principum
384 3539 543 3599 historiam
571 3540 745 3619 persequuti
781 3544 868 3616 sunt,
908 3540 1075 3600 Maximum
1104 3550 1135 3600 et

61 3629 194 3700 tainum
217 3640 309 3700 fixisse
330 3641 482 3722 principes
505 3630 617 3710 ⁴dicunt
631 3636 763 3697 delectos
782 3659 801 3697 a
822 3649 928 3698 senatu
950 3643 1134 3702 contraMs·

24 3754 27 3817 j
61 3729 179 3799 timinam
200 3751 271 3822 post
290 3741 451 3800 interitum
475 3739 608 3799 duorum
624 3736 851 3797 Gordianorum
871 3740 903 3797 in
924 3737 1040 3817 Africa,
1061 3762 1132 3801 cum

20 3885 21 3888 ,
60 3837 143 3913 *itibus
165 3843 259 3900 etiam
279 3860 355 3922 puer
374 3840 485 3900 tertius
505 3837 682 3898 Gordianus
706 3836 819 3898 electus
840 3847 897 3899 cst.
940 3837 1034 3900 Idem
1051 3840 1131 3906 ibid.

19 3994 21 4004 η,
60 3949 111 4020 top.
129 3938 220 4000 XVI.
807 3931 811 3945 ⁸
1027 3958 1029 3962 ’
1111 3993 1118 4003 ,

19 4087 20 4092 ,
118 4038 212 4098 Docet
222 4040 399 4120 Dexippus,
429 4039 537 4099 Titum
557 4037 717 4098 tribunum
730 4038 927 4115 Maurorum,
949 4039 1003 4120 qui
1024 4058 1043 4096 a
1061 4039 1130 4101 Ma-

26 4158 28 4160 ’
62 4131 148 4195 tinino
177 4141 257 4198 inter
284 4141 419 4220 privatos
433 4138 557 4200 relictus
576 4133 988 4225 fuerat,·t1morevioleutae
1004 4139 1130 4217 mortis,

63 4232 136 4291 etalii
149 4236 267 4314 dicunt,
289 4242 421 4300 invitum
436 4258 512 4299 vero
527 4248 557 4298 et
567 4259 587 4298 a
599 4236 747 4298 militibus
768 4243 918 4313 coactum,
937 4242 974 4296 ut
992 4234 1131 4319 plerique

24 4324 27 4377 ἶ
65 4343 191 4411 minut,
225 4338 407 4419 imperasse,
429 4346 522 4419 atque
546 4338 628 4397 hunc
649 4339 730 4396 intra
750 4358 863 4418 paucos
883 4335 948 4396 dies
969 4343 1040 4418 post
1059 4339 1129 4398 vin·

26 4449 29 4474 ²
66 4423 173 4492 desum
195 4434 408 4517 defectionem,
430 4458 523 4519 quam
542 4422 709 4498 consularis
732 4438 781 4498 vir
805 4437 936 4518 Magnus
962 4436 1128 4499 Maximino
