2774 5122
245 231 328 323 352
675 260 890 335 sanctim
975 294 980 300 ·
1032 292 1033 299 τ

107 416 174 470 tc.
186 412 303 498 οθντῆν
322 411 487 498 Λαζικὴν·
515 409 658 500 στερρῶς
678 437 712 478 τε
744 409 824 480 εἶναι
845 413 899 479 καί
917 408 1100 502 ἕβροομένας
1126 414 1188 494 ada
1206 418 1327 503 σννθή·

95 485 325 612 lusiiilidm’
355 511 410 577 καέ
439 522 563 598 κρατεῖν
603 507 817 597 ἑκασταχόσε,
845 518 941 579 τοῦτο
971 516 1031 595 μέν
1061 514 1140 594 κατὰ
1171 515 1230 602 τὴν
1261 521 1328 597 to,

220 619 337 680 cronico
358 615 469 677 δὲκαὶ
488 611 579 700 [κακοὶ
600 610 669 700 την]
692 611 725 678 έν
742 614 909 703 Ἀρμενία,
931 612 1011 680 α’λλὰ
1031 612 1093 700 γὰρ
1114 618 1171 682 καί
1188 615 1223 681 έν
1244 619 1334 703 ου’τηηι

244 713 344 798 δήπου
381 715 422 802 τῇ
457 715 603 799 Λαζικῇ,
646 710 725 777 οὕτω
757 715 869 796 μέντοι
899 709 942 788 ῶς
975 711 1143 796 τριάκοντα
1172 715 1326 799 χιλιάδας

243 815 370 898 ἐτησίοις
388 813 526 897 χρυσίου
547 813 736 892 νομίσματος
757 812 976 898 ἀποφέρεσθαι
1005 816 1138 901 Πέρσας
1158 817 1216 898 τῆς
1236 811 1342 899 εἰρη·5

160 913 296 997 Μννης
322 914 410 976 ἕνεκα
438 907 499 974 ἀπὸ
523 909 699 992 Ῥωμαίων.
739 908 917 995 ἐβεβαιώθη
952 914 988 976 δὲ
1008 915 1117 995 τοῦτο,
1141 907 1223 978 ῶστε
1240 912 1327 978 Ῥω·

242 1014 358 1095 μαιόυς
386 1008 420 1074 ἐν
450 1007 548 1090 indta
575 1011 736 1087 δεκαετίας
768 1009 927 1096 ποσότητα
956 1020 1197 1096 προσπαρασχεῖν
1218 1008 1327 1093 οὕτω,

243 1111 440 1196 παραχρῆμα
467 1110 526 1191 μὲν
553 1107 705 1173 ἐνιαυτῶν
726 1103 824 1190 iurat,
857 1110 913 1173 καί
940 1107 1021 1192 μετὰ
1043 1109 1099 1195 την
1119 1112 1183 1176 τῶν
1205 1108 1230 1190 ξ
1251 1111 1327 1175 ἐτῶν

243 1205 469 1295 παραδρομὴν,
511 1206 568 1272 οὔκ
605 1210 637 1283 ές
673 1206 856 1293 α’ναβολην,
887 1212 1087 1274 κατατιθέναι
1114 1213 1177 1275 τῶν
1212 1211 1328 1279 λοιπῶν

246 1311 342 1394 τριῶν
376 1310 454 1372 έτῶν
480 1303 538 1391 τήν
566 1309 768 1373 συντέλειαν·
797 1301 857 1371 εἷθ’
885 1303 967 1372 οὕτω
998 1311 1071 1372 καθ’
1099 1310 1233 1375 ἕκαστον
1260 1306 1359 1382 ἕτοςιο

244 1404 436 1493 ποριζεσθαι
456 1405 590 1491 Πέρσας
609 1403 644 1470 τὸ
669 1401 842 1488 ῶρισμένον
862 1407 1065 1474 ἐνιαυσιαῖον.
1090 1405 1196 1487 Ιἔδοξε
1216 1410 1252 1472 δὲ
1277 1410 1329 1472 nai

245 1507 398 1592 περὶτοῦ
417 1507 659 1590 κατασκαφῆναι
683 1503 739 1570 asir
758 1502 966 1592 μοναστηριον
986 1501 1069 1571 οἶκον
1089 1505 1146 1571 τὸν
1165 1506 1326 1588 λεγόμενον

246 1603 386 1687 Σεβανὸν
416 1607 471 1668 καί
497 1602 664 1689 ἱδρυμένον
684 1606 718 1669 έν
738 1613 803 1681 τοῖς
822 1607 1007 1692 μεθορίοις,
1030 1604 1086 1671 καί
1105 1603 1327 1691 ἀπολήψεσθαι

219 1706 431 1785 1)“Ρον,ιιαίους
450 1700 507 1769 τόν
526 1700 637 1784 τόπον,
662 1698 832 1784 Ῥωμαίων
850 1706 910 1786 μέν
930 1710 1112 1771 καθεστῶτα
1133 1705 1185 1769 ἀπ’
1210 1705 1325 1789 ἀρχῆς,

247 1807 388 1888 Περσῶν
417 1804 452 1866 δὲ
481 1798 811 1886 παρασπονδησοὶντοον
845 1801 901 1867 καέ
930 1804 965 1868 έν
995 1807 1115 1892 κατοχῇ
1134 1804 1247 1868 τούτου
1269 1799 1357 1887 siriaci

246 1903 430 1988 γενομένων,
452 1903 551 1985 τείχει
569 1924 603 1965 τε
625 1905 928 1989 κατησφαλισμένων
947 1901 982 1969 τὸ
1005 1898 1197 1987 ἱλαστήριον.
1239 1901 1269 1967 οἱ
1296 1903 1328 1966 δέ

247 1999 328 2067 ἄλλα
348 1999 406 2085 γὰρ
429 1994 503 2064 οὔτε
524 2002 556 2076 ἐς
575 2003 678 2065 τέλεον
697 2003 921 2084 κατέσκαψαν,
944 1993 1016 2065 οὕτε
1036 2000 1101 2087 μην
1137 1997 1327 2087 ἐνεχείρισαν

244 2100 429 2183 Ῥωμαίοις.
449 2095 550 2165 ταῦτα’
563 2123 613 2164 τοι
628 2100 703 2164 οὐδὲ
718 2097 751 2164 έν
765 2110 834 2178 ταῖς
847 2102 996 2178 σπονδαῖς
1016 2099 1201 2188 ἐμφέρεται,
1224 2104 1327 2187 ἐστέρ-

247 2206 316 2286 χθη
345 2204 380 2266 δὲ
407 2197 488 2266 aiore
514 2196 570 2276 τὰς
598 2203 765 2286 λεγομένας
792 2203 832 2287 τῇ
852 2201 1002 2267 Λατίνιον
1032 2203 1183 2290 διαλέκτῳ
1212 2201 1328 2287 σιίκρας

249 2303 283 2378 έξ
304 2295 426 2386 οἷμφοῖν
445 2305 513 2364 τοῖν
533 2301 694 2382 βασιλέοιν
712 2291 815 2363 αῶτοῶ
843 2295 1104 2384 έπικομισθηναι,
1131 2293 1358 2383 intereant-20

250 2423 310 2474 σας
333 2394 465 2479 ἅπαντα,
486 2391 543 2469 ’σ’σα
564 2394 642 2479 πρὸς
662 2400 725 2463 τῶν
745 2399 906 2484 πρέσβεων
927 2397 1151 2482 έμπεδωθέντα
1172 2397 1329 2482 ἐτύγχανε.

251 2495 307 2586 καί
331 2497 440 2563 τοίνυν
469 2494 508 2561 τὰ
534 2492 640 2562 τοιῶδε
667 2498 779 2581 έστὰλη
810 2494 935 2564 adriae.
978 2501 1150 2582 ξυνέβησαν
1172 2499 1208 2564 δέ
1228 2503 1284 2564 κατ’
1300 2499 1330 2572 ές

322 2637 346 2690 3.
366 2629 438 2687 κατὰ
456 2621 508 2698 την
522 2635 599 2686 uncis
618 2632 731 2687 inclusit
747 2635 775 2685 B.
864 2634 887 2687 5.
907 2634 1024 2699 Πέρσας
1043 2635 1087 2698 Η.,
1107 2635 1240 2706 Πέρσαις
1262 2633 1327 2703 vulg.
1375 2635 1378 2641 '

323 2725 346 2776 7.
365 2707 397 2758 ἐν
419 2702 827 2779 δμδδινε1.,ἒνομα’δινιι13.
898 2706 922 2758 8.
940 2707 1078 2761 ἐνιαυτῶν
1096 2706 1172 2770 Vah,
1196 2706 1260 2759 ἔνια
1278 2707 1329 2756 τῶν

322 2779 394 2848 vulg.
468 2794 506 2831 ιι.
525 2774 712 2898 πορίζεσθαηη
731 2778 902 2847 κομίζεσθαι
920 2777 989 2829 σοιτί.
1009 2777 1038 2828 B.
1113 2779 1245 2848 Πέρσαις
1265 2774 1329 2829 soni.

324 2848 357 2900 N.
432 2865 471 2918 ιη.
490 2847 669 2917 ἐνεχείρισαν
713 2885 735 2911 .,
755 2846 914 2917 ἐνεχείρησε
931 2848 1002 2918 vulg.

254 2976 316 3026 rent
336 2977 365 3021 et
389 2968 493 3038 ubique
522 2967 745 3029 observarentur,
770 2973 798 3018 et
814 2984 864 3037 per
882 2967 1040 3031 Orientem,
1067 2976 1095 3021 et
1112 2984 1162 3039 per
1181 2968 1333 3021 Armeniam

256 3052 284 3094 et
293 3058 341 3110 per
358 3042 445 3109 ipsam
463 3056 573 3110 quoque
588 3039 725 3089 Lazicam:
745 3037 784 3087 sic
801 3045 891 3090 tamen
911 3046 942 3089 ut
959 3039 1071 3110 triginta
1090 3056 1237 3092 aureorum
1250 3037 1333 3091 miliia

255 3112 368 3179 singulis
392 3111 471 3160 annis
498 3123 546 3176 pro
576 3124 643 3177 pace
662 3108 775 3159 Romani
793 3109 879 3160 Persis
896 3117 1079 3178 praestarent:
1106 3110 1141 3160 de
1160 3127 1201 3161 >eo
1227 3123 1333 3183 quoquc

257 3187 456 3242 convenerunt,
488 3187 519 3229 ut
538 3178 631 3230 decem
645 3194 778 3230 annorum
797 3177 1001 3248 tributsmluna
1018 3183 1094 3250 prius
1113 3182 1281 3242 solveretur,
1297 3179 1335 3229 ita

256 3261 289 3304 ut
316 3259 420 3320 septem
445 3266 578 3302 annorum
604 3265 708 3300 summa
738 3248 875 3317 praesenti
909 3253 1042 3318 pecunia,
1065 3253 1149 3303 trium
1168 3253 1334 3321 reliquorum

256 3339 400 3383 annorum,
419 3324 467 3391 qui
486 3319 627 3371 restabant
639 3337 673 3373 ex
693 3319 796 3382 decem,
815 3319 906 3373 statim
924 3328 987 3390 post
1004 3331 1144 3390 peractum
1164 3324 1334 3389 septennium

257 3393 438 3462 penderetur3
464 3388 565 3441 deinde
585 3407 635 3459 per
661 3390 784 3460 reliquos
800 3392 919 3460 singulos
938 3409 1023 3444 annos
1043 3408 1077 3443 ex
1095 3392 1278 3445 conventione
1294 3406 1335 3441 sn-

256 3464 328 3521 tutio
347 3463 431 3514 iieret.
467 3461 564 3513 Actum
582 3478 692 3530 quoque
711 3470 752 3512 est
771 3459 805 3513 de
824 3460 958 3514 diruenda
982 3465 1132 3516 monastiea
1152 3464 1251 3523 domo,
1269 3475 1335 3531 quas

257 3532 382 3587 Sebanus
412 3540 543 3592 vocatur,
575 3530 716 3583 aedificata
748 3531 777 3581 in
807 3533 975 3595 confinibus,
1005 3535 1081 3586 cuius
1109 3549 1201 3584 aream
1228 3529 1335 3583 Romani

257 3607 420 3673 acciperent.
457 3601 564 3654 Etenim
594 3602 628 3653 ab
652 3600 733 3653 initio
752 3604 934 3654 Romanorum
961 3605 1064 3655 iuerat:
1092 3603 1213 3655 sedeam
1237 3602 1336 3661 Persae,

257 3694 318 3728 eum
337 3689 432 3742 pacem
450 3676 603 3742 rupissent,
620 3681 835 3740 occupaverant,
853 3680 882 3723 et
900 3692 960 3726 cum
978 3674 1007 3725 in
1025 3675 1084 3725 eius
1102 3676 1275 3743 possessione
1292 3671 1336 3721 din

258 3745 394 3807 fuissent,
420 3742 489 3794 hanc
518 3743 613 3795 aedem
647 3743 791 3796 moenibus
820 3751 968 3811 sepserant.
1009 3743 1070 3797 Non
1091 3753 1185 3798 tamen
1213 3745 1255 3796 iili
1282 3757 1337 3794 earn

256 3817 382 3868 funditus
401 3813 525 3866 demoliti
544 3821 621 3875 sunt,
645 3828 735 3882 neque
754 3814 881 3865 Romanis
907 3813 1087 3867 tradiderunt
1123 3815 1248 3867 Foedera
1268 3813 1337 3864 enim

260 3887 299 3938 de.
324 3902 356 3937 ea
380 3901 408 3934 re
436 3884 509 3935 nihii
533 3887 678 3954 quiequam
702 3883 887 3937 continebant.
926 3876 1096 3937 eonsensum
1124 3888 1205 3939 etiam
1226 3883 1292 3946 init,
1309 3889 1338 3933 nt

260 3958 385 4017 litterae,
403 3973 471 4025 quas
494 3971 581 4006 sacras
593 3956 691 4005 Latina
709 3952 802 4023 lingua
820 3963 937 4019 vocant,
956 3956 991 4004 ab
1009 3957 1144 4026 utrisque,
1160 3966 1189 4008 et
1207 3955 1242 4007 ab
1252 3955 1337 4021 Impe-

261 4036 359 4088 ratore,
378 4035 405 4078 et
422 4042 520 4095 aregn,
538 4025 723 4085 adferrentur,
742 4025 842 4097 quibus
866 4025 1083 4079 ratashabcrent
1104 4035 1132 4078 et
1151 4027 1337 4083 confirmarent

259 4098 333 4164 pacis
351 4098 539 4159 conditiones,
566 4095 600 4145 de
619 4094 718 4164 quibus
737 4096 819 4163 iegati
838 4104 1037 4148 consenserant
1071 4096 1107 4150 Et
1124 4096 1178 4150 hae
1198 4094 1336 4156 sensatim

261 4167 330 4221 illuc
341 4174 404 4219 sunt
416 4167 521 4220 missae.
541 4163 754 4219 conditionibus
767 4182 878 4237 quoque
890 4165 1056 4239 adscriptpm
1070 4176 1138 4233 erat,
1156 4176 1189 4222 nt
1198 4163 1336 4241 separatim
