2774 5106
355 596 620 663 essentrsonr
649 598 853 668 fflsronrl.
1067 576 1147 664 301

73 747 128 815 καὶ
147 748 225 832 δύο,
255 748 434 833 δοσβύτοος
453 753 488 816 τό
505 775 593 829 τινος
615 755 742 840 χιόροος
761 755 1058 841 παραμειψάμενος,
1086 762 1293 845 ἔγό·λ.(2.569

67 872 139 914 νετο
168 848 249 913 κατὰ
275 849 314 916 τό
348 849 464 935 ρἐῐθρα
491 853 548 915 τού
567 848 639 935 Ἲχ,
670 847 707 917 σύ
736 852 800 938 μὴν
826 853 907 921 α’λλύ
927 857 1081 924 καὶκατὰ
1102 847 1249 925 sdv¹⁰‘¹·²

70 950 178 1031 Δαῒχ,
201 947 256 1013 καὶ
275 946 330 1014 διοὶ
351 953 469 1030 λιμνῶν
488 945 603 1036 ἑτέραν
624 944 723 1027 αύδις
742 955 775 1029 ἐς
793 949 847 1018 τόν
864 954 1032 1022 Ἆττιλαν·
1059 920 1250 1025 πόλινΙωῑιδ

72 1046 117 1122 τός
139 1044 330 1133 Ούγούροος,
352 1049 386 1114 οδ
405 1047 443 1133 δὴ
466 1052 524 1114 καί
537 1073 649 1136 σφισιν
671 1051 870 1136 ἀπήγγειλαν,
891 1053 935 1130 ὥς
955 1057 1000 1133 εἷς
1019 1053 1060 1122 τοὶ
1081 1060 1180 1145 περιὊ
1234 1050 1238 1055 “

24 1142 130 1214 zris
150 1148 300 1232 Κωφῆνα
321 1145 464 1230 ποταμόν
486 1149 519 1224 ἐς
539 1146 577 1213 τύ
609 1145 709 1215 λύσιοιΙ
732 1153 881 1238 τέσσαρες
908 1151 1049 1236 χιλιόδες
1068 1161 1159 1243 Περ-

71 1247 138 1309 σῶν
160 1246 346 1329 ἐπιτηροῦσα
366 1251 655 1332 προλελοχισμύνοι,
675 1244 718 1323 οἷς
738 1242 778 1314 όν
797 1247 1008 1337 χειρώσωνται
1026 1252 1160 1338 παριόν-

73 1365 132 1419 τας
151 1340 276 1419 αύτούς.
317 1341 417 1434 ταύτη
439 1368 488 1410 τοι
507 1345 526 1411 ό
547 1342 611 1411 τόν
634 1343 805 1435 Οδγούροον
823 1345 1010 1434 ἡγούμενος,
1038 1347 1074 1428 ὃς
1095 1353 1160 1418 διέ-

72 1443 173 1521 σωζεν
206 1443 306 1508 ἐκεῖσε
332 1449 390 1508 τοῦ
408 1440 610 1528 Διζαβούλοο
642 1444 677 1512 τὸ
696 1442 831 1532 κρότος,
855 1444 1025 1535 πληρώσας
1043 1445 1160 1528 ύδατος
1183 1529 1185 1533 ,

75 1533 191 1616 ἇσιιούς
219 1544 393 1629 παρέσχετο
422 1553 488 1620 τοῖς
509 1543 584 1631 περὶ
602 1541 795 1631 Ζὴμαρχον,
823 1545 868 1623 ιός
896 1543 934 1613 όν
960 1545 1063 1632 ἔχοιεν
1084 1545 1160 1615 ὅθεν

11 1637 275 1726 Όύδρεύοοινεο
305 1641 360 1707 διό
388 1645 444 1730 τῆς
469 1642 608 1728 ύνύδροο
630 1643 740 1722 ἰόντες.
780 1637 875 1731 εὗρον
895 1649 932 1711 δὲ
951 1646 1156 1735 ιιιιίλλόμνην,

74 1737 128 1803 καὶ
155 1737 432 1825 παραμειψάμενοι
451 1739 487 1805 τό
507 1744 589 1826 μέγα
608 1747 701 1809 τούτο
721 1741 930 1830 ύδροοτύσιον
958 1747 1105 1833 ἀφίκοντο
1125 1747 1159 1821 ἐς

74 1839 193 1915 ἐκείνας
214 1837 271 1915 τός
294 1839 429 1924 λίμνας,
457 1845 493 1908 ἐν
513 1838 565 1918 αἶς
584 1839 825 1928 ἐπιμιγνύμενος
845 1839 1017 1912 ἀπόλλυται
1038 1843 1055 1910 ό
1076 1851 1155 1912 Kos-

75 1935 138 2023 φῆν
158 1937 308 2021 ποταμός.
341 1938 375 2019 ἐξ
394 1944 513 2008 ἐκείνου
540 1939 578 2028 δῆ
601 1947 658 2008 τοῦ
676 1940 784 2029 χώραν
804 1945 964 2027 πέμπουσι
983 1947 1157 2032 διοπτῆρας

73 2038 415 2123 προδιασκεψομὲνοος,
438 2038 502 2126 εἴγε
522 2042 566 2118 ὥς
586 2043 713 2128 οἰληδοός
725 2040 755 2107 οἱ
769 2045 900 2129 Πέρσαι
919 2044 1154 2130 ἐνεδρεύουσιν·
1231 2034 1233 2038 ’

24 2137 106 2205 5οδ
125 2134 165 2221 δὴ
188 2132 429 2220 όνιχνεύσαντες
451 2138 642 2227 όπηγγειλαν
660 2146 782 2228 μηδένα
802 2144 890 2209 ἰδεῖν.
912 2137 998 2224 ὅμως
1017 2142 1075 2220 ξύν
1094 2150 1184 2226 ptr-l)

71 2233 166 2325 γόττιρ
188 2233 279 2326 φόβιρ
300 2237 449 2325 ἀφίκοντο
471 2243 505 2319 ἐς
523 2239 689 2324 Ἀλανόαν,
720 2238 799 2307 κατὰ
827 2239 864 2306 τό
883 2243 1004 2326 μᾶλλον
1025 2239 1160 2316 δεδιότες
1206 2321 1210 2327 ¹

70 2331 106 2398 τό
128 2336 231 2421 φῦλον
251 2339 315 2403 τοῖν
331 2333 542 2425 Ὀρομοσχοῖν.

82 2469 83 2473 ,
153 2435 197 2500 θ’.
228 2429 299 2501 Ὅτι
319 2435 476 2522 γενόμενοι
494 2436 529 2504 ἐν
559 2438 689 2530 Ἀλοινίρι
707 2438 795 2526 παρὰ
818 2437 985 2525 Σοροόδιον
1004 2436 1061 2503 τόν
1080 2441 1162 2504 ἐκεῖ·

71 2560 132 2600 νων
152 2533 314 2618 ἡγεμόνα,
350 2535 406 2601 καὶ
433 2532 502 2618 ἅμα
521 2544 587 2614 τοϊς
607 2531 770 2620 ἑπομένοις
794 2534 943 2623 Τούρκοις
970 2539 1248 2623 ἕσφοιτῆσαιῗ.;4

11 2629 279 2719 ιοβουλόμενοι,
311 2633 327 2702 ό
349 2633 512 2722 Σαρύδιος
530 2635 585 2702 τόν
604 2638 663 2718 μὲν
680 2636 854 2723 Ζόμαρχον
872 2639 930 2703 καί
947 2635 1021 2712 τούς
1042 2630 1157 2718 ἑπομέ-

71 2755 145 2808 νοος
175 2734 311 2831 ἐδέξατο
331 2731 498 2818 ἆσμὲνοος,
528 2733 604 2812 τούς
632 2738 668 2802 δὲ
688 2735 727 2823 δη
756 2730 904 2824 πρέσβεις
923 2737 988 2802 τόν
1012 2732 1159 2821 Τοόριιων

71 2828 192 2919 ἔφασκε
218 2833 262 2918 μη
289 2832 441 2921 πρότερον
469 2839 525 2920 τῆς
551 2835 595 2913 ὥς
619 2833 715 2902 αύτόν
734 2832 862 2902 εἶσόδοο
883 2843 1003 2920 τοχεῖν,
1024 2827 1046 2920 ἢ
1065 2859 1162 2899 κατα-

142 2971 167 3008 2·
187 2958 211 3009 3.
231 2955 254 3007 5.
272 2953 380 3016 lembo,
401 2953 477 3017 lsilr,
494 2956 580 3026 Volgo
597 2956 702 3028 (Ethel)
719 2956 846 3020 ,Kums,
870 2956 954 3008 fluvii.
971 2952 1004 3006 N.
1067 2955 1091 3006 3.
1111 2939 1159 3003 διδ

140 3021 252 3096 λιμνῶν
267 3025 309 3087 fl,
328 3024 484 3096 διάλιμνον
492 3028 563 3095 vulg.
619 3028 648 3096 l,-
671 3024 870 3095 Οδτιγούρους
885 3035 913 3079 et
931 3046 955 3098 7.
978 3020 1165 3091 Ούτιγούρων

138 3096 250 3149 αοοί.Ν.
303 3099 328 3151 6.
339 3096 496 3166 παριόντας
514 3098 647 3161 contusi,
665 3096 812 3168 παρόντας
829 3097 900 3164 vulg.
955 3095 1005 3164 po
1024 3093 1161 3161 om.vulg.

108 3199 119 3250 i
147 3201 281 3253 llomsnos
305 3206 479 3261 monuerunt,
503 3199 532 3250 in
552 3197 643 3250 densis
669 3204 698 3249 et
714 3198 858 3251 arboribus
878 3196 989 3250 consitis
1007 3194 1075 3246 locis
1091 3194 1163 3244 circs

69 3217 231 3339 &pirenem
249 3271 351 3321 flumen
370 3271 456 3322 latere
475 3271 506 3320 in
524 3268 633 3320 insidiis
653 3269 786 3321 collocata
803 3270 943 3322 Persarum
962 3274 1078 3338 quatuor
1095 3263 1163 3314 rnil-

70 3341 125 3401 lis,
155 3341 204 3410 qui
232 3349 437 3410 praetereuntes
463 3355 509 3390 eos
534 3340 655 3406 captivos
682 3339 811 3392 facerent
848 3341 1000 3407 Ugurorum
1019 3335 1093 3396 dux,
1112 3333 1163 3404 qui

69 3410 131 3462 illic
148 3427 181 3462 ex
198 3414 360 3464 ussotoritste
379 3409 506 3463 Disabuli
534 3409 678 3478 imperium
703 3407 840 3472 habebat,
863 3418 937 3460 utres
963 3423 1035 3476 equs
1061 3405 1161 3473 imple·

69 3481 111 3534 vit
137 3489 166 3533 et
190 3482 320 3550 praebuit
343 3479 486 3533 Zemsrclro
515 3485 544 3530 et
569 3481 629 3531 eius
656 3480 817 3542 comitibus,
842 3485 882 3543 ut,
899 3493 961 3529 cum
984 3474 1160 3546 perdeserta

71 3551 163 3615 irent,
179 3551 315 3605 heberent
338 3552 411 3604 unde
437 3556 612 3621 squarentur.
654 3550 821 3603 Invenerunt
838 3555 866 3600 et
883 3546 1013 3618 paludem
1045 3553 1074 3598 et
1099 3561 1162 3596 rna-

71 3638 155 3691 gnum
181 3620 252 3675 illud
279 3631 402 3687 stagnum
421 3621 629 3692 praetergressi,
648 3627 834 3688 pervenerunt
855 3618 889 3670 sd
913 3636 959 3671 ess
976 3617 1112 3687 paludes,
1132 3616 1162 3664 in

71 3708 141 3764 quas
160 3693 299 3747 immixtus
312 3691 425 3762 Cophen
442 3692 529 3744 sennis
549 3706 606 3743 sere
626 3690 750 3742 effundit
787 3692 827 3744 Ex
845 3691 949 3744 eolooo
967 3690 1084 3740 mittunt
1113 3685 1163 3755 qui
1224 3685 1230 3697 ‘

71 3764 260 3830 explorarent,
280 3781 315 3815 su
332 3780 426 3816 verum
444 3769 530 3823 esset,
549 3762 640 3813 Persas
659 3761 689 3814 in
718 3760 827 3814 insidiis
846 3778 913 3814 esse.
950 3759 986 3810 lli
1003 3755 1101 3810 iisdem
1118 3764 1165 3805 to·

69 3840 129 3884 tem
148 3835 287 3905 regionem
311 3829 474 3902 perscrutati
500 3834 701 3894 renuntiarunt,
721 3846 749 3882 se
768 3832 906 3884 neminem
923 3829 1031 3881 vidisse.
1068 3822 1164 3876 Nihilo

68 3905 161 3955 secius
190 3908 219 3957 in
237 3904 362 3956 Aloninm
379 3919 476 3973 magna
503 3917 563 3954 oum
582 3901 783 3969 trepidatione,
800 3911 946 3974 propterea
965 3896 1039 3971 quod
1057 3903 1164 3948 metue·

17 3974 24 3983 ⁸
68 3974 140 4028 bant
157 3983 264 4046 gentem
282 3972 529 4035 Oromoschorum,
546 3978 736 4042 properarunt.

141 4063 167 4115 p
203 4046 298 4116 Quum
316 4047 346 4096 in
366 4044 491 4096 Alonisrn
508 4043 705 4111 pervenissent,
723 4050 751 4094 et
769 4041 923 4103 Ssrodium,
941 4038 1090 4092 Annorum
1108 4032 1162 4085 du·

69 4131 147 4179 arn,
166 4134 220 4168 una
238 4132 299 4168 eum
315 4117 411 4168 Tureis
430 4114 507 4166 adire
525 4113 645 4174 vellent,
663 4111 792 4163 Ssrodius
810 4111 923 4184 quidem
942 4105 1116 4160 Zemsrehunr
1134 4108 1163 4155 et

69 4187 122 4255 qui
142 4203 203 4238 eum
223 4202 256 4238 eo
275 4194 353 4238 ersnt
378 4185 442 4238 beni
463 4199 497 4234 ne
529 4190 557 4234 et
575 4184 688 4235 comiter
709 4183 833 4252 excepit,
851 4181 900 4232 sed
921 4180 1071 4231 Turcorunr
1090 4175 1165 4242 legu-

68 4263 116 4306 tos
134 4255 220 4325 prius,
239 4273 319 4327 quem
341 4273 414 4307 orme
443 4203 643 4322 deposuissent,
663 4253 691 4302 in
711 4268 789 4303 suurn
809 4256 983 4320 conspectum
1000 4246 1094 4298 venire
1111 4259 1165 4292 no·

64 4326 135 4382 luit.
170 4326 291 4378 Maximo
309 4326 393 4398 igitur
410 4327 484 4376 inter
500 4325 573 4393 ipsos
592 4339 673 4389 super
688 4321 738 4374 huo
757 4339 786 4373 re
805 4329 865 4373 orto
884 4329 913 4371 et
929 4318 1089 4371 continuato
1113 4329 1165 4384 por

66 4405 127 4449 tres
146 4397 205 4449 dies
225 4399 390 4460 certamine,
410 4393 602 4447 dissidentium
621 4392 723 4444 arbiter
747 4392 802 4444 suit
820 4387 987 4441 Zemsrohus.
1023 4383 1163 4446 Tandem,

67 4468 155 4522 ermis
174 4467 324 4541 depositis,
350 4476 384 4523 ut
402 4465 517 4523 Sarodio
534 4465 691 4550 placuerat,
709 4478 773 4514 eurn
792 4460 928 4532 adierunt
965 4455 1095 4513 Sarodius
1113 4471 1163 4507 su-
