2774 5106
408 582 674 649 nmnnunnr
704 584 908 652 nrsronu.
1087 558 1173 671 309

90 743 198 805 δίσκου
238 735 309 814 ἑνός
347 736 594 823 α’ργυραιτοιὴταυ
631 737 687 804 καί
721 737 827 822 όλίγου
856 744 1010 825 χρυσίου,
1049 739 1098 806 ἔτι
1136 756 1346 830 yetlc.569‘

88 837 154 923 μὴν
196 836 254 902 καί
293 830 485 919 άμττεχονίαυ
521 838 680 903 Σκυθίαν.
727 837 811 923 πλὴν
841 841 1002 907 ἐδεδίεσαν
1036 841 1066 906 αδ
1097 824 1301 952 ιτερίῙίῙάἰΡ.5

89 940 201 1001 Βοῦνον
228 938 447 1021 ι’διοβαυλῆσαι
476 938 532 1002 καί
559 935 635 1018 οὐχί
663 933 770 1026 γνώμῃ
795 941 853 1001 τοῦ
876 938 1104 1025 αὐτοκράτορος
1136 937 1173 1006 ά·
1194 913 1277 950 usim

90 1059 192 1100 ταντα
227 1032 482 1119 διαπράξασθαι.
524 1033 744 1117 α’ντεσὴμαναν
776 1040 946 1122 τοιγαροῦν
982 1032 1088 1126 αὐτῷ,
1128 1038 1172 1116 uie

69 1129 168 1217 5,,νύν
189 1132 304 1218 ἔγαμεν
321 1137 456 1216 βασιλέα
477 1132 614 1221 φοβερόν
634 1157 668 1197 τε
689 1136 746 1199 καί
764 1136 1024 1220 ἐμβριθέσταταν,
1044 1135 1098 1202 καί
1115 1133 1178 1207 οὐκ,

88 1232 284 1316 ἀνεξόμεθα,
307 1234 381 1297 οὐδὲ
403 1228 464 1299 όσα
485 1227 556 1298 οἶόν.
569 1236 603 1298 τὲ
624 1236 693 1300 ἐστι
711 1236 878 1299 διαλαθεῖν
910 1229 1008 1300 αὐτόν
1036 1238 1172 1300 intreti-

86 1358 143 1397 oou
171 1333 391 1418 αὐθαιρέτως,
445 1325 547 1410 άλλως
566 1356 598 1397 τε
626 1332 684 1397 καί
700 1333 806 1419 ἡμεῖς,
831 1329 887 1400 dre
908 1336 942 1398 ἐν
961 1330 1173 1417 στρατεύματι

87 1431 310 1515 τυγχάνοντες,
327 1432 385 1495 οὐκ
405 1429 622 1519 διαφερόμεθα
636 1433 808 1517 χρημάτων
827 1436 1010 1518 περιουσίαν
1031 1427 1053 1516 ἢ
1073 1430 1171 1514 μόνον

86 1527 312 1615 στρατιωτικὴν
342 1529 531 1616 ἐφεστρίδα,
561 1526 601 1614 ἢν
620 1555 656 1614 γε
678 1527 716 1616 δὴ
737 1554 798 1595 που
819 1530 874 1596 καί
892 1531 1200 1616 περιβεβλήμεθα,λ)

37 1625 134 1692 sota
153 1652 189 1692 τε
220 1626 261 1692 τά
284 1623 385 1693 duta.
427 1632 652 1716 δωροφορῆσαι
683 1627 723 1713 δὴ
742 1622 800 1714 οὐν
820 1633 865 1718 τῷ
885 1634 948 1694 τῶν
965 1624 1113 1714 Ἀβάριαν
1132 1629 1176 1713 ἦ·

86 1730 228 1816 γαυμένρι
249 1728 283 1804 ἐξ
304 1719 348 1792 ὧν
375 1729 517 1792 ἐνταῦθα
538 1724 655 1813 ἥκαμεν
682 1726 803 1810 ἔχοντες
825 1731 979 1808 εὐτελῶν,
1009 1720 1120 1810 άθρει,
1142 1721 1170 1792 si

86 1825 237 1910 Χάγανε,
258 1825 304 1910 μὴ
332 1827 387 1889 καί
414 1822 509 1911 όβρις
529 1830 652 1913 πέφυκέ
671 1850 739 1904 τις.
778 1825 939 1909 ὐξιότιμαν
959 1830 1011 1910 δὲ,
1032 1826 1115 1891 καθά
1136 1823 1169 1890 ί-

86 1947 167 2009 φην,
196 1919 258 1988 αἱδί
285 1925 343 1988 οὐκ
363 1921 496 2008 ἔχομεν·
543 1924 585 1990 τά
604 1924 666 2010 γάρ
695 1930 930 2012 τιμαλφίστερα
949 1929 1011 1991 τῶν
1031 1927 1176 2012 ἐφοδίωνΙ

83 2019 161 2106 ἡμῖν
181 2025 216 2087 ἕν
235 2019 353 2105 ἑτέροις
372 2023 556 2107 ὐττάρχαυσι
574 2025 682 2101 τόποις
701 2024 758 2090 καί
777 2025 1036 2112 αόςπορραιτάται
1057 2026 1168 2109 ἡμῶν.

48 2122 116 2187 ιὸεἰ
133 2115 224 2188 οὐνό
245 2128 320 2187 καθ’
340 2123 424 2207 ἡμᾶς
445 2124 647 2210 αὐτοκράτωρ
671 2121 942 2213 φιλοφρονήσααί
959 2150 1010 2191 σοι
1032 2124 1167 2210 δώροις,

82 2212 141 2282 οὐκ
163 2219 331 2304 όκνὴσομεν
361 2217 398 2307 δὴ
432 2245 494 2285 που
515 2225 571 2287 καί
588 2223 679 2307 ἡμεῖς
698 2219 867 2308 γεγηθότες
885 2246 918 2287 τε
938 2223 994 2286 καί
1011 2227 1055 2310 τῷ
1075 2214 1179 2304 βασιέ

81 2323 135 2380 ur
161 2315 310 2400 ἑπόμενοι
341 2324 444 2385 ταῦτα
478 2319 734 2405 διαπράξασθαι,
763 2319 901 2387 καθόσον
920 2314 983 2385 οἷαί
997 2324 1032 2387 τέ
1052 2323 1165 2403 ἐσμεν,

81 2411 193 2503 ὥσπερ
224 2423 306 2507 peip
326 2416 579 2505 προσφερόμενοι
599 2421 655 2484 καί
673 2416 865 2509 όμαδο.όλιρ.”
905 2417 986 2504 πρός
1006 2421 1107 2483 ταῦτα
1128 2420 1166 2482 ά-
1230 2410 1233 2429 ¹

79 2518 274 2601 γανακτήσας
295 2513 460 2594 όΒαῖανός
480 2517 540 2584 σόν
561 2514 643 2609 όρκιρ
664 2509 881 2611 precipuum}
898 2516 965 2603 μὴν
984 2516 1167 2603 στράτευμα
1196 2561 1200 2573 ·

43 2616 254 2698 ταέκτιέμψειν
295 2614 353 2703 τὴν
392 2618 565 2699 ‘Plusculum
600 2614 891 2704 ἐπιδραμοόμενον.
940 2616 995 2680 καί
1029 2612 1068 2701 δὴ
1102 2620 1159 2680 ταῦ
1168 2626 1195 2679 Ρ.
1208 2628 1256 2699 ssd

76 2720 256 2800 στρατηγοῦ
274 2715 447 2800 κατάδηλοι
485 2719 572 2807 αὐτῷ
601 2714 822 2801 πεποιηκότος,
854 2714 898 2792 οἷς
917 2718 1037 2796 ἐξέσται
1056 2717 1116 2797 μέν
1136 2714 1172 2790 οῖΙ

79 2824 182 2878 ποιεῖν
203 2811 265 2879 όσα
295 2809 337 2880 άν
365 2812 529 2902 δυνήσοιτο
541 2868 551 2898 ,
573 2819 690 2884 εἰδέναι
711 2819 767 2899 δὲ,
788 2817 832 2894 ὥς
854 2813 892 2882 οὐ
914 2813 1038 2892 πάντας
1059 2816 1108 2879 e'u’
1128 2816 1167 2878 ά-

149 2982 174 3019 2·
195 2965 335 3040 Σκυθίαν]
355 2962 475 3039 σηρικού
488 2969 558 3022 coni.
576 2972 605 3022 Β.
667 2964 812 3021 ἐδεδίασιν
825 2968 891 3090 pic)
908 2966 980 3036 vulg,
1057 2966 1083 3019 8.
1095 2980 1165 3033 τυγ-

148 3035 242 3105 χάνον
259 3038 344 3108 vulg·'
412 3056 451 3092 sn.
468 3042 582 3110 πέφυκέ
598 3056 641 3098 τις
658 3041 690 3090 Η.
700 3078 708 3103 ,
726 3054 822 3110 τιεφνκ
842 3053 885 3096 τες
907 3039 977 3106 vulg.

79 3173 173 3243 etqui
196 3174 224 3225 ei
245 3173 392 3228 adstabant
422 3175 528 3245 aliquid
546 3177 657 3245 proprio
689 3175 803 3226 consilio
822 3174 977 3226 inconsulto
996 3173 1163 3239 Imperatore

76 3243 167 3295 Iacere
195 3245 335 3296 timebant.
379 3247 475 3317 Itaque
491 3246 592 3297 Baiano
620 3252 713 3295 contra
743 3239 899 3314 respdndit:
917 3241 1073 3305 „Habemus
1091 3256 1164 3292 nune

76 3313 281 3382 Imperatorem,
298 3315 347 3384 qui
365 3314 446 3368 facile
470 3317 504 3368 ad
522 3316 689 3367 iracundiam
708 3315 870 3381 adducitur,
893 3329 976 3385 quare
997 3329 1031 3363 ne
1050 3329 1080 3362 eu
1098 3313 1162 3381 qui·

77 3385 156 3446 dem,
173 3402 245 3454 quae
273 3384 385 3437 fortusse
418 3402 479 3436 eum
498 3387 633 3449 laterent,
656 3394 747 3437 nostru
776 3391 873 3455 sponte
903 3392 930 3435 et
947 3382 1057 3451 proprio
1078 3383 1165 3433 animi

77 3454 182 3505 iudicio
203 3457 292 3508 lucere
310 3456 528 3523 sustinebimus..
550 3456 783 3527 Praetereaquum
801 3455 942 3506 incastris
960 3453 1096 3522 degamus,
1114 3469 1164 3519 pe-

76 3527 172 3578 cunias
194 3527 225 3578 in
249 3535 391 3578 numerato
421 3526 532 3578 minime
560 3524 709 3591 habemus,
732 3543 821 3596 neque
848 3526 995 3594 quicquam
1018 3521 1162 3575 nobiscum

76 3596 191 3647 serimus
217 3597 271 3648 nisi
303 3605 466 3649 castrensem
498 3598 736 3666 suppellectilem,
767 3607 796 3648 et
816 3612 861 3658 ca,
888 3593 988 3665 quibus
1014 3592 1162 3645 induimur.

75 3660 329 3735 Deniquedirarum
357 3665 420 3718 duci
439 3666 537 3729 exiis,
556 3668 656 3736 quibus
677 3667 783 3719 modice
805 3665 930 3718 instructi
952 3664 1005 3715 huc
1021 3664 1161 3724 venimus,

76 3735 149 3787 dona
174 3740 270 3791 otlerre
294 3737 373 3799 vide,
396 3755 411 3788 α
441 3738 583 3804 Chugune,
611 3738 646 3788 ne
664 3736 765 3789 Iniuriis
784 3746 811 3788 ct
829 3737 978 3806 ignominie
1001 3735 1092 3802 aliqua
1110 3734 1160 3782 sit:

75 3823 140 3856 nam
156 3806 227 3858 nihil
245 3814 322 3860 tento
341 3805 444 3858 honore
463 3807 538 3874 digni
558 3807 695 3859 habemus.
725 3808 888 3859 pretiosiora
906 3809 979 3856 enim
999 3805 1171 3853 vluticorum·

72 3885 231 3928 nostrorum
250 3884 315 3928 sunt
333 3876 362 3928 in
378 3878 440 3929 ullis
461 3878 527 3929 locis
546 3887 574 3928 et
591 3878 671 3948 longe
691 3895 705 3928 α
723 3877 804 3928 nobis
819 3876 930 3928 remotis
948 3875 1044 3944 positu.
1064 3869 1161 3938 Quod·

75 3948 99 3996 si
121 3962 167 3996 vos
191 3949 341 4013 Imperator
366 3957 458 4000 noster
480 3948 637 3999 muneribus
662 3948 795 3999 demereri
821 3945 954 4004 voluerit,
972 3958 1027 3994 uon
1049 3948 1160 3991 cunctu-

73 4015 182 4080 bimur,
210 4017 263 4066 tibi
289 4024 317 4069 et
338 4017 419 4073 nobis
446 4018 630 4085 gratulantes,
657 4026 684 4069 et
714 4015 888 4085 Imperatoris
914 4013 985 4064 iussn
1003 4013 1110 4067 lacere,
1130 4017 1159 4060 et

75 4102 172 4148 omne,
201 4088 292 4156 quoad
318 4088 377 4138 eius
400 4088 459 4140 fieri
481 4089 595 4156 poterit,
614 4087 689 4156 quod
710 4087 763 4138 tibi
779 4085 930 4146 conducet,
949 4080 1078 4148 exsequi,
1096 4085 1158 4129 rau-

74 4173 159 4225 quam
185 4159 268 4208 amici
296 4165 324 4208 et
349 4158 425 4220 eius,
452 4160 573 4228 quinne
601 4157 746 4208 uobiscum
766 4158 814 4207 uni
837 4154 947 4207 domiuo
966 4158 1061 4219 parci,
1078 4148 1158 4199 Uilli·

73 4224 183 4279 tatibus
209 4228 411 4278 inservientes.”
462 4226 505 4277 Ob
525 4225 589 4277 haec
607 4228 761 4298 indignatus
784 4227 900 4277 Baianus
928 4223 1019 4272 iurans
1037 4220 1157 4269 minatus

73 4304 137 4357 est,
162 4314 191 4348 se
209 4297 392 4348 immissurum
410 4296 559 4348 exercitum
577 4299 606 4347 in
624 4299 802 4349 Romanorum
818 4293 931 4347 ditionis
950 4292 1089 4359 regiones,
1107 4288 1158 4358 qui

72 4367 269 4436 populationes
288 4365 409 4436 iaceret,
423 4367 464 4418 Ad
483 4360 553 4437 quae
570 4383 630 4419 curu
648 4366 702 4417 dux
722 4366 810 4436 palem
827 4362 1010 4433 praediceret,
1028 4360 1072 4409 illi
1095 4357 1158 4430 qui·

75 4437 140 4490 dem
151 4502 154 4507 ,
167 4438 251 4490 licere
273 4439 377 4501 omnin,
406 4453 474 4508 quae
491 4446 598 4508 posset,
617 4437 725 4507 aggredi
749 4443 776 4489 et
797 4441 917 4497 tentare,
934 4429 982 4485 sed
998 4441 1156 4501 persuasum
