2782 5100
248 257 329 371 134
668 280 879 356 uxcenms

104 446 235 516 §.emto
243 457 293 500 σει
313 432 512 518 Βαλεριονοό
532 432 627 497 πλέον
645 432 819 516 ἐπαρθείς,
851 426 926 503 τοός
944 429 1090 512 πρέσβεις
1110 423 1321 512 παρελκδσιις,

122 519 421 626 νδιδδθοξπρόκτους
442 529 560 606 αδτοός
580 527 752 613 όπολόσας,
774 523 870 605 siet<
891 524 1151 611 ἐπηκολούθησεν.

103 621 226 711 ,Age-²⁶¹
319 626 360 713 β.
393 625 464 695 Ὅτι
482 629 654 704 Ὀόέναθος
672 627 728 694 τόν
756 625 912 713 Σαποόρην
942 623 1038 712 notri,
1059 619 1251 708 ἐθεράπευεν
1279 620 1324 701 οἷς

131 693 230 814 king
239 726 474 815 ὑπερβεβηκότα
494 726 572 793 κατό
592 725 672 792 πολό
695 727 771 804 τοός
786 727 972 808 Ῥωμαίους.
985 720 1171 806 βουλόμενος
1180 725 1216 787 δὲ
1228 720 1325 788 αότόν

211 816 476 913 ’δπαμυγίσθοῃ
499 830 617 908 πέμπει
637 829 725 914 δῶρα
745 827 966 912 μεγαλοπρεπῆ
988 820 1043 888 καί
1061 818 1141 891 ἄλλα
1162 819 1343 906 ἅγιόγιμα,5

236 921 283 1005 ὧν
302 927 324 1014 ἦ
344 929 468 1013 Περσίς
488 926 546 991 οόκ
561 920 603 1013 ἧν
622 916 772 1014 εόφορος,
797 923 947 1009 καμήλοις
967 927 1105 999 ἐπιθείς.
1146 920 1202 987 καί
1219 921 1324 1006 μρόμ-

133 1047 134 1051 ’
236 1052 324 1123 ματα
342 1028 457 1107 πέμπει
480 1022 615 1111 δεήσεως
635 1019 770 1107 δόναμιν
790 1021 900 1108 ἔχοντα
912 1073 923 1104 ,
964 1021 1019 1095 καί
1043 1017 1091 1088 ότι
1117 1021 1210 1088 orso
1230 1023 1325 1107 ssip-

236 1152 310 1204 σαις
335 1127 517 1196 ὑπεναντίον
546 1122 646 1201 σότός
678 1120 865 1210 εἰργάσατο.
906 1121 980 1190 ὅδὲ
1000 1120 1076 1198 τοός
1105 1123 1224 1196 οἰκότος
1243 1118 1324 1184 sirri-

236 1248 334 1306 τοσσε
355 1228 544 1306 δεξαμένους
563 1222 604 1290 τό
627 1227 714 1310 δοόρα
740 1223 864 1311 ῥίπτειν
884 1225 930 1299 εἰς
949 1220 1002 1288 τόν
1021 1217 1171 1305 ποταμόν,
1192 1218 1247 1284 καί
1265 1216 1325 1295 τός

237 1322 403 1401 Ιόπιστολοὶς
432 1321 609 1412 διαββήξας
629 1327 828 1412 συνέτριψε,
848 1325 906 1392 καί
933 1319 1090 1408 ἐδήλωσε·
1118 1320 1187 1403 „sle
1206 1311 1250 1385 cir
1269 1320 1368 1388 καίιο

237 1424 337 1501 πόθεν
357 1420 507 1509 ἐτόλμησε
526 1422 607 1509 πρός
624 1419 681 1490 τόν
702 1426 813 1489 οἰκεῖον
834 1423 987 1508 δεσπότην
1007 1417 1151 1508 ypapan-
1193 1416 1249 1484 καί
1266 1420 1326 1483 νῦν

237 1526 270 1589 εί
287 1519 434 1606 βοόλεται
462 1525 676 1610 ἐλαφροτέρας
694 1519 849 1598 κολάσεως
869 1529 975 1605 τυχεῖν
978 1569 994 1617 2
1016 1515 1116 1585 όπίσω
1136 1516 1195 1595 τός
1211 1523 1326 1603 χεῖρας
1368 1587 1370 1593 ,

215 1625 346 1708 ῦδήσας
364 1626 574 1708 προσπεσέτω.
598 1625 629 1688 εἰ
648 1625 683 1696 δὲ
701 1625 765 1708 μή,
786 1621 861 1690 ἴστω
883 1620 927 1698 uir
947 1622 1004 1688 xci
1021 1617 1123 1686 αότόν
1140 1618 1197 1684 καί
1215 1615 1252 1683 τὸ
1271 1619 1326 1702 μέ·

242 1746 296 1799 νος
313 1720 370 1788 καί
386 1719 441 1808 τήν
460 1723 599 1807 πατρίδα
620 1722 753 1793 όπολῶ.”

103 1835 229 1911 λαυρ)
319 1821 356 1907 γ’.
389 1818 458 1887 ’Ότι
482 1823 514 1886 Γ
512 1825 636 1906 αλόριος
655 1823 712 1885 καί
730 1818 953 1907 Διοκλητιανός
982 1820 1028 1896 εἷς
1048 1816 1180 1902 Νίσιβιν
1208 1817 1368 1901 euritii

107 1908 305 2002 nimbibus,
329 1917 409 1986 ἔνθα
429 1923 519 2009 κοινή
537 1919 786 2003 βουλευσόμενοι
806 1922 987 1986 στέλλουσιν
1007 1919 1053 1994 είς
1075 1917 1223 2004 Περσίδα
1246 1937 1326 1999 πρε·

236 2017 370 2105 σβευτήν
391 2016 536 2104 Σικόριον
564 2018 696 2106 Πρόβον
717 2019 912 2107 α’ντιμραφὲοι
931 2020 986 2105 τής
1006 2012 1140 2102 μνήμης.
1180 2015 1289 2081 τοῦτον
1308 2009 1327 2078 ό

237 2125 404 2205 Νσρσαῖος
423 2122 461 2206 τῇ
481 2123 544 2185 τεόν
565 2122 818 2204 ε’παγμελθίντων
839 2121 943 2183 ἐλπίδι
964 2112 1167 2206 φιλοφρόνως
1186 2115 1326 2192 ἐδέξατο.

235 2223 354 2303 χρῆται
374 2221 410 2284 δὲ
431 2219 491 2282 καί
503 2242 566 2285 τινι
586 2220 725 2307 ἀναβολῇ
745 2218 762 2284 ό
784 2222 966 2305 Ναρσαῖος.
989 2217 1033 2293 ὥς
1052 2217 1113 2304 γὰρ
1134 2213 1326 2300 βουλόμενος

236 2320 335 2403 δῆθεν
355 2313 431 2392 τοός
449 2316 525 2403 περὶ
543 2312 688 2401 Σικόριον
707 2319 863 2402 πρέσβεις,
885 2307 937 2382 οἷα
958 2314 996 2403 δή
1017 2317 1263 2397 κεκοπωμένους,
1285 2306 1370 2381 οἷ-ιιο

235 2410 474 2499 νακτήσασβαι,
505 2418 603 2500 μέχρι
622 2414 776 2480 τοσοόταυ
798 2417 872 2501 περὶ
901 2415 957 2488 τόν
971 2416 1163 2499 Ἀσπροόδιν
1182 2408 1327 2494 ποταμόν

312 2533 334 2576 ι.
352 2514 534 2638 παρελιρόσας
552 2518 601 2581 Η.,
619 2517 802 2588 παρεκόλσας
817 2519 891 2589 vulg.
944 2519 971 2600 3,
986 2515 1136 2575 Ὀδίκσδος
1150 2516 1224 2580 vu„
1240 2513 1257 2568 ό
1274 2513 1330 2568 Δέ-

310 2602 398 2643 νατος
416 2604 452 2639 ru
466 2606 489 2658 g.

239 2670 298 2737 ium
318 2672 425 2724 scivere
444 2673 542 2730 votuit
578 2674 633 2727 Sed
658 2674 775 2744 Saporcs
792 2674 905 2746 inopiae
922 2673 1106 2725 Romanorum
1123 2669 1198 2725 haud
1216 2669 1329 2740 ignarus

240 2747 269 2805 et
287 2741 412 2810 precibus
428 2742 569 2797 Valeriani
588 2745 695 2811 elatus,
720 2746 823 2815 legatos
850 2744 980 2809 distinet,
999 2743 1100 2798 ‹lcinde
1118 2761 1147 2795 re
1164 2739 1266 2794 insecta
1283 2739 1330 2793 cii«

238 2812 348 2878 mittit,
362 2830 464 2884 eosque
482 2813 667 2886 subsequitur.
741 2844 743 2847 ·

309 2900 333 2945 υ.
370 2883 529 2937 Odenatbus
540 2888 684 2955 Saporem,
702 2891 834 2956 tanquam
847 2885 929 2955 ionga
946 2884 1074 2943 Romanis
1111 2881 1330 2945 raestautiorem,

237 2951 355 3017 multum
376 2953 464 3010 coluit
493 2963 521 3008 et
552 2957 722 3021 observavit,
746 2965 774 3009 ct
790 2957 903 3027 cupiens
927 2973 989 3009 eum
1006 2955 1060 3009 sibi
1099 2956 1239 3016 evincere,
1254 2952 1330 3011 done

238 3023 380 3091 magnifica
406 3025 516 3082 camelis
541 3028 685 3095 imponens
712 3042 805 3079 earum
832 3044 932 3090 rerum,
955 3042 1072 3096 quarum
1089 3025 1175 3077 Persis
1193 3039 1250 3077 non
1267 3029 1330 3074 crat

237 3089 333 3154 ferar,
359 3092 394 3144 asi
418 3111 481 3146 eum
499 3096 585 3148 mittit
610 3113 671 3148 curn
700 3097 821 3160 litteris,
838 3096 940 3168 quibus
957 3113 1020 3148 cum
1039 3095 1134 3146 muitis
1152 3093 1280 3164 precibus
1297 3107 1329 3146 sc

239 3160 311 3214 nihii
331 3181 451 3234 uuquam
470 3167 635 3218 contrarium
653 3167 794 3219 Persarum
813 3167 965 3221 rationibus
983 3166 1080 3219 iecisse
1097 3163 1256 3218 testabatur.
1291 3163 1330 3216 Ac

238 3231 290 3284 ilie
309 3233 388 3285 iussit
417 3250 507 3288 servos
536 3252 612 3300 suos,
638 3245 784 3309 postquam
802 3239 969 3307 recepissent
987 3252 1115 3296 munera,
1132 3252 1165 3285 ea
1185 3234 1215 3285 in
1233 3233 1330 3302 proxi-

237 3317 315 3357 mum
334 3302 465 3357 ssucutem
483 3307 632 3374 proiicerc,
650 3315 680 3359 et
697 3310 757 3361 eius
775 3308 880 3361 litteras
898 3307 1029 3360 laceratas
1046 3302 1164 3375 pedibus
1182 3304 1330 3357 conculca-⁴

238 3386 280 3439 rc.
315 3373 388 3425 Haec
404 3393 514 3447 quoque
532 3378 622 3446 palam
638 3378 763 3446 protulit:
780 3380 867 3450 „Quis
887 3385 916 3430 ct
933 3376 1005 3429 unde
1023 3379 1074 3428 istc
1093 3383 1147 3438 est,
1166 3376 1214 3445 qui
1233 3390 1267 3427 eo
1286 3383 1330 3427 tc-

238 3445 374 3505 meritatis
398 3447 526 3511 devenit,
554 3455 585 3499 ut
602 3448 700 3501 audeat
723 3449 758 3502 ad
775 3466 854 3500 suurn
883 3448 1024 3501 dominum
1042 3444 1169 3498 scribere.
1206 3445 1287 3497 Nunc
1305 3445 1329 3500 si

237 3516 309 3567 velit
336 3516 432 3570 leviori
458 3535 547 3587 pocus
570 3518 656 3578 affici,
680 3520 807 3570 manibus
826 3536 841 3569 a
859 3529 936 3590 tergo
952 3516 1097 3578 revinctis,
1124 3522 1281 3584 prostcmat
1299 3528 1329 3564 sc

236 3594 303 3641 ante
320 3602 370 3637 mc
409 3589 437 3641 Si
455 3605 510 3640 uon
528 3588 626 3653 faciat,
642 3590 712 3643 sciat
727 3608 771 3643 mc
787 3590 867 3642 iilum
899 3597 928 3644 ct
956 3606 1036 3641 omne
1053 3589 1113 3640 cius
1132 3602 1216 3656 genus
1234 3583 1329 3656 perdi·

237 3660 330 3719 turum
349 3666 377 3709 ct
394 3659 616 3713 exstincturum.“
1325 3708 1341 3729 ἢ

307 3731 332 3782 3.
370 3727 496 3781 Galerius
516 3738 545 3782 et
561 3729 751 3783 Diocletianus
768 3727 859 3783 Nisibi
882 3734 1076 3783 convenerunt.
1111 3727 1155 3780 Ibi
1174 3724 1332 3783 communis

237 3804 301 3857 cato
320 3800 454 3862 consilio,
476 3802 591 3859 mittunt
608 3800 728 3870 legatum
754 3800 784 3853 in
801 3800 939 3854 Persidem
957 3801 1093 3852 Sicorium
1112 3798 1249 3861 Probum,
1267 3810 1328 3846 ms-

237 3867 352 3933 gistrum
369 3872 524 3923 memoriae.
561 3871 640 3922 Hunc
656 3870 805 3934 Narsaeus,
823 3872 888 3940 quia
909 3888 943 3924 ex
960 3869 1021 3934 his,
1038 3884 1110 3939 qnae
1128 3867 1182 3920 sibi
1200 3866 1329 3921 nuntiata

237 3937 367 4003 ruerant,
392 3957 468 4010 spem
495 3958 525 3994 se
541 3947 634 4008 optata
660 3948 869 3995 consecuturum
895 3948 1074 4011 conceperat,
1098 3938 1218 4007 benigne
1236 3945 1265 3989 et
1283 3951 1330 3988 co·

239 4007 321 4070 miter
347 4011 463 4080 excepit.
504 4011 591 4063 Antea
618 4017 710 4064 temen
736 4010 838 4063 csiiidc
860 4027 949 4063 moras
966 4008 1104 4067 nectebat.
1139 4008 1233 4078 Quum
1253 4005 1329 4058 enim

237 4088 377 4145 speraret,
406 4095 436 4132 se
459 4081 561 4150 legatos
587 4081 668 4151 longo
687 4083 786 4134 itinere
805 4082 890 4135 fessos
919 4081 1027 4135 facilius
1045 4080 1098 4131 sibi
1116 4077 1331 4132 conciliaturum

241 4159 315 4211 csse,
335 4166 368 4203 eo
385 4166 473 4222 usque
492 4149 642 4217 sicarium,
661 4153 711 4223 qui
730 4152 839 4207 consilii
858 4153 944 4224 ipsius
962 4168 1018 4218 uon
1036 4153 1145 4220 ignarus
1163 4155 1239 4214 crat,
1255 4147 1331 4211 ciret,
