2774 5122
212 223 302 331 διό
640 247 853 316 messem

76 413 288 493 λαδεοτης,
317 397 397 473 ὥστε
418 405 561 488 ἐπισχεῖν
585 405 674 490 σφᾶς
704 399 777 469 ὅσον
806 399 847 470 όν
874 398 992 490 χρόνον
1022 395 1115 469 οἷοίτε
1147 389 1250 483 οἷσιν,
1270 403 1310 469 έν

16 529 20 545 ’
83 487 204 614 ffir'}
211 505 314 593 τούτῳ
343 503 402 588 τῆν
425 501 506 568 κατὰ
534 500 668 586 δύναμιν
699 505 926 588 ποιησομένους
954 506 1013 567 τοῦ
1043 505 1185 584 πολέμου
1206 527 1313 587 παρα-

171 595 178 609 ’
210 601 348 689 σκευὴν,
375 600 415 669 τό
436 599 597 687 έπιτὴδειό
619 627 653 668 τε
673 607 941 688 συναθροίζοντας
973 598 1235 686 α’πστεθησόμενα
1257 626 1315 666 κα·

210 702 250 771 τό
273 701 313 790 δη
336 701 381 771 τό,
395 698 470 768 όσον
492 697 581 768 οόπω
603 703 773 787 ἀναγκαῖον
795 706 828 779 ές
846 705 976 785 Νίσιβίν
995 725 1029 766 τε
1058 701 1116 766 καί
1133 699 1168 768 τό
1197 696 1312 786 Δέρας

210 802 271 881 τός
289 801 420 885 πόλεις,
450 800 500 868 ἔτι
519 827 554 888 γε
575 801 639 890 μὴν
658 800 714 868 καί
745 800 784 868 τοὶ
812 806 914 888 πέραν
943 803 1001 867 τοῦ
1034 803 1181 888 Τίγριδος
1212 795 1332 865 ποτα-5

210 906 278 990 μοό
298 904 354 969 καί
372 899 414 968 τό
441 904 517 989 τῇδε
545 899 686 990 φροόρια
710 897 851 966 α’νόπλεα
880 903 1000 966 θέσθαι
1029 905 1096 966 τῶν
1125 901 1313 982 έδωδιμων,

183 1005 261 1080 ειός
279 1003 408 1089 ιῖκρίδος
429 998 511 1066 οὕτω
533 999 659 1083 ξυμβόν
687 1002 985 1086 καταδηλησαμένης
1004 1004 1080 1076 τοὺς
1100 1002 1202 1088 έκείνη
1235 1023 1314 1085 καρ.

210 1101 301 1185 τιοός,
320 1105 376 1167 καί
395 1095 463 1183 ἅμα
482 1101 709 1186 έρημονθέντσνν
730 1097 811 1165 κατὰ
831 1099 886 1186 τὴν
898 1103 1127 1186 προλαβοῦσαν
1143 1100 1314 1181 ‘Propensior

209 1199 388 1289 ἐπιδρομὴν
408 1195 639 1267 ἁπάντωντῶν
660 1197 738 1265 κατὰ
760 1203 861 1275 ταῦτα
880 1199 1030 1286 χοιρίων,
1058 1202 1156 1281 λιμοῦ
1180 1222 1215 1263 τε
1232 1220 1315 1286 σφο-

182 1336 184 1338 ’
210 1301 365 1390 δροτότου
386 1308 453 1376 τοῖς
485 1302 585 1366 έκεῖστ
614 1296 847 1384 ἐνσκήψαντος,
880 1297 962 1385 πρός
992 1303 1027 1366 δέ
1054 1324 1095 1383 γε,
1121 1301 1174 1386 ἐφ’
1200 1290 1228 1388 ᾧ
1255 1302 1350 1366 natio

207 1401 484 1488 στρατολογῆσαι,
506 1395 564 1464 ἅτε
586 1400 845 1486 πολεμησείοντας
866 1402 899 1476 ές
929 1397 966 1465 τό
988 1403 1148 1485 τέμβριθὲς
1167 1403 1224 1464 τοῦ
1252 1404 1315 1482 βα-

210 1503 327 1577 σιλέως
352 1503 502 1586 Περσῶν.
536 1499 607 1565 έπεί
634 1502 670 1564 δέ
697 1502 799 1566 ταῦτα
833 1494 939 1579 αὐτοῖς
968 1495 1192 1583 ἐβεβούλευτο,
1220 1498 1316 1581 μόλις

210 1600 291 1686 μετὰ
313 1603 463 1676 πλείστας
485 1593 561 1676 όσας
581 1599 704 1686 ἡμέρας
730 1591 829 1686 ἐδόθη
849 1609 918 1679 τοῖς
944 1601 1116 1685 πρέσβεσιν
1136 1602 1170 1676 ές
1191 1596 1231 1664 τό
1252 1605 1315 1683 βα-

212 1702 321 1766 σιλεια
342 1700 553 1785 έσφοιτῆσαι.
573 1702 630 1763 καί
657 1696 698 1764 τό
726 1701 786 1782 μὲν
815 1703 943 1790 πρῶτα,
969 1696 1065 1764 1ιιιιδό
1092 1702 1134 1789 τῇ
1157 1699 1313 1790 συνηθείᾳ

211 1795 333 1883 ἐδόκει,
361 1793 589 1884 θυινησόμενοι
614 1803 670 1865 καί
692 1797 726 1864 τὸ
756 1799 791 1864 ἐκ
822 1802 975 1878 βασιλέισς
1008 1795 1145 1885 γρόμμα
1174 1795 1347 1884 έγγειρί-,τό

179 1907 340 1980 Donnes,
362 1895 443 1984 πρός
461 1921 497 1982 γε
517 1900 573 1963 καί
591 1896 664 1975 τοός
692 1897 903 1983 δοριαλώτους
923 1895 1165 1981 ἀποδεδωκότες,
1188 1899 1315 1964 ἐνδένδε

141 2033 142 2036 “
210 1995 437 2085 ἆνεχτόρησαν,
475 2000 714 2085 φιλοφροσύνης
741 2000 843 2083 μηδὲν
873 1997 981 2064 ότιοόν
1008 1996 1184 2086 εὑρηκότες.
1211 2001 1250 2086 τῇ
1280 1999 1316 2063 δέ

209 2099 364 2189 ὑστεραίᾳ
385 2094 402 2162 ό
424 2096 511 2186 παρὰ
533 2099 681 2185 Πέρσαις
709 2102 766 2183 τῆς
787 2100 888 2184 αόλῆς
920 2096 1049 2185 ἡγεμιόν
1077 2098 1134 2164 καί
1151 2095 1316 2184 Μεβιόδης

210 2200 456 2284 έπυνθανέσθην
475 2195 535 2282 τὴν
555 2196 692 2280 δύναμιν
715 2203 774 2283 τῆς
795 2197 982 2282 πρεσβείας,
1012 2201 1077 2265 τόν
1097 2201 1133 2264 δὲ
1154 2196 1315 2268 εἰπόντων,

209 2291 261 2363 ότι
281 2296 322 2384 δὴ
344 2298 421 2385 περί
438 2297 565 2384 εἰρήνης
589 2293 697 2382 ἥκοιεν
717 2297 1003 2382 πρεσβευσόμενοι,
1027 2299 1143 2363 αὐτίκα
1164 2299 1198 2362 oi'
1214 2320 1251 2381 γε
1274 2297 1348 2362 orins

206 2397 252 2482 δη
280 2402 444 2483 προσίεντο
475 2393 553 2472 τούς
586 2395 662 2484 περί
694 2396 812 2462 τούτων
842 2397 948 2462 αὐτῶν
983 2398 1113 2483 λόγους,
1143 2396 1317 2485 φάσκοντες

205 2491 271 2562 eris
290 2493 523 2584 ἐπιτετράφθαι
543 2520 574 2561 τι
604 2499 743 2564 τοιοῦτον
766 2499 822 2578 δέ,
847 2494 930 2563 etri
952 2496 1116 2581 συλλαβὰς
1137 2495 1316 2574 ἀποδόντας

266 2634 308 2717 Ιδ.
326 2657 578 2731 δποτεθεισδμενα
597 2658 670 2730 vulg.
737 2677 777 2712 rr.
796 2655 847 2711 δτι
863 2659 1104 2732 πολεμησείοντος
1120 2660 1175 2725 Η.,
1196 2657 1244 2727 ἥτε
1262 2679 1314 2716 πο·

215 2737 225 2850 ἶ
281 2732 402 2860 ἐεμηξγηεει
414 2731 507 2855 Ιίηγτος
525 2731 598 2802 vulg.
674 2747 714 2803 ¹7·
733 2731 887 2803 εὑρηκότες
904 2730 948 2797 tt,
966 2731 1110 2805 εἰρηκότες
1125 2732 1200 2805 vulg.
1273 2751 1315 2790 η

212 2960 254 3016 lio
271 2960 427 3022 faciebant,
453 2976 509 3031 qno
529 2961 635 3032 legatos
654 2966 844 3026 morarentur,
862 2969 891 3015 et
915 2979 996 3034 quum
1022 2960 1178 3016 diutissime
1202 2930 1313 3016 detii're·

213 3039 291 3095 rent,
315 3040 347 3083 ut
372 3030 520 3082 maximum
554 3033 660 3083 interea
693 3032 761 3083 belii
780 3041 953 3101 apparatum
983 3033 1134 3097 facerent,
1161 3041 1189 3085 et
1221 3036 1312 3101 copias

212 3101 345 3155 frumenti
377 3100 411 3152 ad
444 3103 568 3171 quamvis
595 3103 766 3153 necessitatis
789 3106 958 3156 occasionem
987 3113 1099 3172 paratas
1133 3105 1165 3154 in
1196 3105 1311 3157 urbibus

212 3171 306 3226 Nisibi
325 3178 354 3223 et
369 3173 456 3224 Dares
474 3182 671 3242 congererent,
693 3180 776 3242 atque
799 3174 880 3225 etium
905 3174 976 3226 ultra
998 3173 1103 3242 Tigrim
1127 3190 1237 3228 amnem
1265 3190 1312 3225 cs·

211 3243 294 3296 stella
313 3242 475 3302 necessariis
492 3244 578 3313 copiis
600 3243 762 3312 implerent3
790 3245 856 3314 quia
876 3245 998 3297 locustae
1024 3246 1055 3296 in
1073 3245 1130 3297 iliis
1149 3245 1310 3314 regionibus

110 3342 120 3363 τ
212 3329 309 3365 omnes
328 3329 454 3383 agrorum
470 3313 560 3380 fruges
580 3321 803 3381 consumserant,
822 3322 850 3366 et
867 3316 1000 3384 proximis
1019 3315 1201 3367 Romanorum
1221 3319 1312 3368 incur·

212 3381 340 3439 sionibus
357 3383 413 3452 agri
432 3382 550 3434 desolati
574 3391 789 3452 permanserant.
834 3386 930 3457 itaque
953 3385 1127 3439 acerbissima
1151 3386 1242 3438 sames
1270 3387 1314 3436 iu·

212 3453 324 3517 rubas,
348 3455 509 3524 praesertim
528 3470 613 3522 quum
635 3469 682 3505 ren
700 3457 843 3507 Persarum
866 3456 901 3507 sd
920 3472 999 3524 grave
1026 3456 1141 3509 bellurnv
1155 3459 1312 3528 suscipien-

214 3524 279 3577 dum
298 3526 434 3577 exercitus
452 3531 569 3592 pararet.
607 3524 675 3576 Cum
691 3524 786 3577 Pers'se
807 3525 860 3577 hoc
880 3528 991 3579 consilii
1010 3529 1167 3597 cepissent,
1184 3532 1232 3580 vix
1250 3533 1312 3596 post

212 3595 394 3649 multosdies
420 3596 583 3664 permissum
613 3602 656 3648 est
679 3595 794 3664 legatis,
818 3597 849 3648 in
874 3599 976 3664 regiam
1002 3600 1101 3668 pedem
1128 3599 1242 3651 inferre.
1278 3598 1312 3648 Et

213 3666 333 3739 primurn
349 3664 483 3738 quidem,
504 3672 536 3716 ut
553 3667 635 3717 moris
654 3673 715 3729 est,
741 3675 807 3719 sunt
833 3669 958 3721 convivio
983 3669 1106 3737 excepti,
1137 3686 1193 3738 quo
1222 3668 1311 3730 fecto,

212 3745 358 3810 postquam
377 3736 483 3789 litteras
501 3735 710 3803 sbimperstore
721 3737 910 3802 tradidissent,
927 3745 955 3791 et
970 3741 1091 3808 captivos
1114 3738 1312 3801 reddidissent,

213 3824 277 3859 cnm
296 3824 343 3861 eos
360 3808 458 3859 Persae
475 3807 553 3857 nntio
572 3807 683 3860 liberali
713 3814 742 3859 et
764 3807 885 3878 benigno
914 3824 1041 3862 sermone
1065 3810 1172 3879 dignati
1200 3817 1312 3872 essent,

216 3877 410 3935 discesserunt.
428 3876 564 3929 Postridie
583 3879 661 3930 aulae
682 3877 756 3946 apud
774 3880 865 3931 Pcrsns
880 3880 1036 3948 praefectus
1062 3889 1091 3933 et
1108 3880 1243 3935 Mebodes
1262 3872 1309 3932 eor

212 3948 467 4017 interrogaverunt,
485 3964 556 4019 quae
575 3957 647 4001 esset
664 3949 784 4017 ipsorum
802 3950 949 4020 legationis
969 3959 1099 4021 potestas.
1137 3951 1208 4003 Cum
1227 3950 1312 4023 legati

214 4020 433 4086 respondissent,
459 4036 498 4082 se,
518 4027 548 4071 ut
567 4020 601 4070 de
621 4035 689 4089 paee
706 4029 828 4087 agerent,
851 4022 967 4082 venisse,
986 4023 1076 4075 nultos
1095 4022 1130 4075 de
1150 4041 1183 4075 ea
1202 4041 1232 4076 re
1252 4040 1310 4075 ser-

213 4101 312 4140 mones
336 4092 434 4144 Persae
457 4089 644 4152 admiserunt,
669 4089 742 4142 nihii
768 4090 903 4143 eiusmodi
929 4092 984 4143 sibi
1008 4092 1207 4147 demandatum
1232 4110 1311 4157 esse,

214 4156 348 4219 dieentes.
382 4162 480 4226 itaque
496 4161 603 4214 litteras
621 4175 668 4214 eos
685 4154 825 4234 proferre,
842 4169 872 4216 et
888 4163 1009 4220 vicissim
1026 4167 1168 4238 accipere,
1187 4174 1218 4220 et
1229 4183 1312 4239 quasa
