2782 5100
117 434 175 476 noo
199 407 260 474 allo
283 407 388 477 labora
404 425 546 499 experta,
567 418 625 478 nisi
650 416 743 500 quod,
758 426 918 501 postquam
938 423 1082 487 crevisset
1096 422 1130 485 ln
1147 432 1223 508 por
1316 389 1324 407 ἱ

10 516 17 547 ‘⁴
116 518 225 602 pulos,
246 519 403 583 staudibus
426 534 457 584 et
476 524 591 607 rapinis
610 526 741 586 vicinam
754 536 874 608 gentem
892 528 1091 594 conturbavit.
1131 531 1212 596 Ior-

111 620 211 688 nund·
236 625 313 713 Gap.
333 627 464 692 XXIV.
1162 642 1167 652 '

201 755 235 820 7.
277 724 328 797 Ad
343 759 435 821 quem
454 714 680 825 inlegationem
696 745 837 807 remissus
855 768 874 808 a
889 744 1062 810 Theodosio
1086 750 1215 812 iuniore
1334 799 1335 808 ,

116 841 252 920 Priscus,
274 843 328 906 tali
338 867 414 910 voce
432 850 511 911 inter
527 850 587 912 alia
604 849 711 918 refert*
735 854 871 938 Ingentia
889 857 1038 939 siquidem
1060 853 1211 930 flumina,
1335 867 1336 870 ’

116 952 150 1014 id
172 961 217 1012 est
238 949 362 1035 Tysiam
389 951 597 1040 Tibisiamque
615 970 646 1020 et
666 949 807 1021 Driccanr
835 969 1042 1040 transeuntes,
1067 965 1216 1025 venimus

65 1101 68 1108 -
116 1059 260 1122 inlocum
273 1058 370 1137 illum,
385 1057 440 1121 ubi
456 1061 572 1123 dudum
583 1060 735 1143 Vidicula,
752 1063 921 1127 Gothorum
937 1067 1127 1147 sorduimus,
1142 1068 1217 1130 Sar·

115 1180 237 1230 matum
263 1165 335 1229 dolo
362 1163 514 1230 occubuit.
554 1167 689 1252 indeque
713 1190 775 1231 non
799 1169 890 1256 louge
913 1172 952 1233 ad
964 1173 1077 1252 vicum,
1091 1175 1125 1234 in
1146 1196 1214 1258 quo

119 1278 184 1341 Iler
204 1274 302 1339 Attila
320 1272 508 1359 morabatur,
528 1281 726 1340 accessimus:
747 1279 851 1341 vicum
877 1282 1024 1365 inquam,
1052 1281 1091 1341 ad
1112 1283 1217 1343 instar

115 1387 248 1448 civitatis
265 1384 484 1467 amplissimae,
504 1385 537 1449 in
568 1406 630 1469 quo
650 1385 749 1470 lignea
768 1390 888 1451 moenia
907 1409 942 1450 cx
956 1386 1069 1450 tabulis
1082 1391 1214 1451 nitenti-

115 1492 175 1556 bus
188 1494 334 1555 fabricata
348 1492 527 1574 reperimus,
544 1510 675 1574 quarum
688 1514 834 1578 compago
848 1497 891 1556 ita
900 1492 1030 1556 solidum
1037 1493 1210 1557 mentieba-

112 1611 180 1681 tur,
197 1612 236 1675 ut
254 1602 305 1663 vix
323 1599 364 1662 ab
378 1601 494 1660 intento
512 1611 614 1682 posset
630 1602 771 1663 iunctura
790 1602 964 1665 tabularium
981 1601 1213 1685 comprehendi.

114 1709 244 1772 Videres
264 1707 395 1771 triclinia
408 1705 524 1771 ambitu
537 1707 700 1790 prolixiore
716 1709 864 1792 distenta,
900 1712 1095 1793 porticusque
1117 1712 1151 1771 iu
1179 1731 1210 1772 o·

114 1819 180 1879 mni
199 1818 307 1880 decore
327 1814 494 1898 dispositas.
515 1815 599 1877 Area
624 1835 699 1878 vero
725 1818 820 1879 curtis
839 1820 954 1902 ingenti
966 1817 1082 1899 ambitu
1102 1819 1209 1901 cinge·

30 1966 39 1974 -
116 1922 228 2003 hatur,
250 1935 285 1986 ut
299 1919 467 2005 amplitudo
485 1921 550 2002 ipsa
571 1925 686 2006 regiam
703 1922 805 1986 aulam
821 1925 1001 1987 ostenderet.
1042 1923 1208 1987 Haescdes

74 2076 76 2083 1
111 2012 204 2092 ¹erant
223 2029 338 2093 Attilae
352 2028 442 2111 Regis
464 2027 639 2090 Barbariam
666 2039 763 2091 totam
783 2033 931 2093 tenentis:
953 2030 1028 2093 haec
1044 2033 1142 2114 captis
1163 2034 1207 2093 ci·

116 2139 263 2201 vitatibus
280 2136 451 2201 habitacula
465 2136 683 2221 praeponebat.
728 2140 804 2224 Cap.
818 2138 980 2203 XXXIV.

199 2246 232 2310 8.
276 2245 337 2325 Qui
354 2243 474 2330 [Attila]
496 2246 635 2328 quamvis
658 2245 750 2309 huius
764 2258 841 2309 esset
865 2257 1007 2328 naturae,
1026 2257 1062 2310 ut
1089 2269 1208 2334 semper
1275 2277 1329 2316 -ι-

117 2347 414 2434 magnaconfideret,
435 2349 565 2414 addebat
576 2354 604 2413 ei
616 2363 717 2416 temen
737 2352 949 2415 confidentiam
964 2352 1081 2438 gladius
1100 2358 1207 2418 Martis
1255 2379 1333 2421 ει

117 2460 272 2537 inventus,
293 2458 375 2539 apud
393 2458 575 2542 Scytharum
593 2480 679 2543 reges
693 2483 814 2546 semper
834 2461 967 2528 habitus.
1010 2464 1113 2542 Quem
1135 2466 1206 2527 Pri·
1246 2499 1334 2514 —·

118 2563 358 2627 scushistoricus
382 2564 436 2627 tali
461 2564 553 2627 refert
573 2566 739 2636 occasione¹
752 2567 916 2631 detectum.
959 2571 1064 2650 Quum
1082 2583 1205 2655 pastor,
1234 2617 1295 2653 ς
1325 2615 1335 2650 ,

118 2677 281 2759 inquiens,
302 2673 427 2758 quidam
443 2676 540 2759 gregis
554 2696 647 2736 unam
668 2674 812 2738 buculam
828 2680 1017 2762 conspiceret
1032 2677 1207 2743 claudican-
1218 2704 1337 2740 -ι-

117 2793 199 2864 tem,
232 2805 288 2846 nec
312 2801 433 2845 causam
455 2784 533 2843 tanti
555 2780 690 2843 vulneris
714 2783 882 2865 inveniret,
911 2785 1057 2850 sollicitus
1076 2790 1204 2873 vestigia
1216 2806 1333 2851 aa

116 2894 235 2954 cruoris
255 2892 443 2973 insequitur:
470 2887 655 2970 tandemque
682 2890 767 2950 venit
791 2890 830 2952 ad
855 2890 1008 2976 gladium,
1038 2919 1132 2982 quem
1152 2899 1335 2962 ‹le—⁶2·

117 3019 243 3081 pascens
261 2996 371 3067 herbas
383 2994 494 3057 bucula
513 2997 633 3056 incaute
647 2993 828 3076 calcaverat,
850 2998 1050 3087 effossumque
1065 3006 1331 3088 protinuszss

106 3105 160 3166 ad
175 3103 304 3167 Attilam
329 3103 436 3166 defert.
477 3104 548 3181 Quo
568 3100 620 3163 ille
633 3123 759 3165 munere
782 3105 968 3188 gratulatura,
990 3122 1026 3172 ut
1049 3124 1116 3174 erat
1140 3126 1331 3174 rna—»n-

118 3211 292 3294 gnanimus,
314 3210 488 3295 arbitratur
503 3228 536 3270 se
563 3210 657 3270 totius
680 3210 787 3271 mundi
805 3214 973 3298 principem
987 3221 1219 3296 constitutum?
1264 3232 1330 3289 1,

119 3327 152 3379 et
170 3339 226 3400 per
257 3319 365 3378 Martis
395 3314 529 3398 gladium
550 3324 729 3397 potestatem
751 3316 810 3378 sihi
831 3338 1002 3384 concesnm
1026 3344 1091 3386 esse
1109 3324 1332 3386 bauo-‹²›-

121 3419 202 3491 ru'm,
244 3425 319 3510 Cup
338 3419 482 3482 XXXV.
570 3435 575 3446 ·

204 3553 237 3617 9.
282 3533 387 3610 Quum
408 3528 448 3589 ad
472 3527 602 3589 Romam
625 3530 744 3592 animus
767 3531 870 3595 suaset
894 3537 959 3597 cius
991 3537 1326 3625 [Andeda-51²·

121 3651 224 3704 tentus
237 3638 399 3716 accedere,
428 3638 475 3698 sui
499 3657 581 3715 earm,
603 3648 638 3698 nt
656 3637 780 3702 Priscus
803 3642 894 3705 refert
911 3645 1086 3728 historicus,
1107 3657 1324 3711 remooo·

123 3769 215 3827 vere,
244 3769 307 3810 non
331 3744 422 3824 urbi,
451 3747 501 3807 cui
528 3746 642 3806 inimici
658 3757 764 3826 erant,
785 3748 995 3831 consulentes,
1017 3756 1070 3816 sed
1091 3755 1253 3818 Alana
1264 3745 1318 3804 3⁶5
1386 3804 1389 3814 i

122 3855 279 3939 quondam
307 3854 550 3938 vesegotharum
573 3855 663 3937 Regis
693 3853 868 3920 obiicientes
898 3861 1090 3944 exemplum,
1120 3852 1312 3927 veri-iiii

33 3948 216 4045 'detegis
247 3965 294 4027 nui
321 3963 490 4039 fortunam,
519 3962 591 4044 quia
627 3960 679 4024 ille
699 3974 768 4046 post
782 3964 911 4028 fractam
931 3969 1059 4031 Romam
1074 3972 1128 4034 diu
1146 3979 1302 4033 nod„
1371 4014 1372 4018 =

23 4130 24 4133 ,
121 4071 336 4152 superum,
353 4067 406 4132 sed
422 4068 562 4152 protinus
576 4065 668 4130 rebus
680 4070 803 4132 excessit
815 4064 964 4140 humanis
985 4075 1065 4160 Cap.
1097 4061 1291 4138 ruffi
1362 4133 1363 4136 ,
