2774 5122
510 644 772 729 rutenensi.
1056 682 1059 693 ·
1100 586 1215 740 439¹

103 803 160 866 τού
174 795 429 883 ἐπιτηδεύματος·
454 802 492 865 ού
502 799 562 887 γάρ
576 824 631 883 μοι
643 803 786 886 θυμῆρες
805 794 846 886 ἦν
866 800 1077 886 ἀγωνίζεσθαι
1086 805 1186 889 δίκας,

103 891 175 965 ούτε
193 898 258 983 μην
283 902 318 964 ἒν
333 900 371 986 τῇ
389 898 538 990 βασιλείῳ
564 906 643 990 στοᾷ
664 905 824 984 θαμίζειν,
837 905 892 966 καί
912 904 1066 989 δεινότητι
1085 899 1185 989 λόγων

101 996 158 1074 τάς
176 1001 238 1062 τάν
265 995 513 1082 ἐντυγχανόντων
535 1001 730 1065 οἰκειοῦσθαι
751 1002 933 1086 φροντίδας·
955 1001 1011 1067 καί
1026 1001 1065 1067 τά
1087 1026 1185 1069 σπου·

101 1099 177 1160 dota
191 1101 359 1182 τοιγαροῦν
371 1097 483 1184 παρείς
496 1099 552 1162 καί
569 1098 607 1164 τὰ
618 1099 761 1184 χείριστα
783 1096 1084 1185 ἓλόμενος,ιιεχηνοός
1096 1124 1184 1189 περι-

81 1194 269 1261 δενόστονν·
291 1199 349 1260 καί
361 1219 418 1278 μοι
438 1195 631 1278 καταθύμιοι
652 1191 734 1281 ἦσαν
754 1200 787 1263 οἳ
808 1223 843 1262 τε
863 1199 997 1285 θόρυβοι
1016 1205 1078 1264 τῶν
1095 1226 1185 1287 χρω·

99 1290 210 1376 μάτων
222 1295 278 1359 καί
300 1294 329 1359 οἱ
349 1294 642 1382 ἀμιλλητηριοιτοῖν
656 1301 759 1362 ἳππων
779 1297 908 1381 ἀγῶνες,
929 1295 975 1364 ἔτι
994 1323 1030 1382 γε
1050 1297 1112 1384 μὴν
1131 1299 1187 1364 καί

98 1390 339 1478 ἧπαντόμιμος
360 1387 510 1481 ὄρχησις·
552 1397 590 1461 ού
610 1398 673 1482 μὴν
707 1394 786 1462 ἀλλά
808 1400 864 1461 καί
881 1401 1090 1483 παλαίστραις
1111 1400 1184 1462 ε’να·

98 1492 276 1577 πεδυόμην·
318 1493 374 1559 καί
390 1497 424 1570 ἐς
437 1496 584 1560 τοσούτου
598 1493 746 1573 ε’ξιύκειλα
770 1491 973 1583 ἀφροσύνης,
995 1493 1039 1571 ἀς
1059 1494 1115 1560 καί
1131 1494 1184 1561 τόν

99 1592 253 1676 φαινόλην
266 1589 500 1674 ἀποδύσασθαι,
521 1591 805 1660 συναποδύσασθαι
821 1597 856 1659 δὲ
866 1589 952 1682 αύτῷ
963 1596 1019 1659 καί
1038 1593 1278 1659 edesse-Mis

44 1693 186 1773 ἰοεχὲς,
208 1693 264 1756 καί
283 1685 359 1756 ἀλλο
381 1687 444 1775 ό,τι
464 1696 497 1769 ἐς
529 1697 600 1776 βίον
621 1689 799 1778 ἀγλάϊσμα·
842 1694 913 1758 ἐπεὶ
943 1693 1185 1778 δὲΜαυριίαος
1367 1684 1369 1688 ’

88 1786 135 1889 ,τό
166 1792 328 1874 βασιλειον
362 1793 531 1875 διεδὴσατο
570 1793 682 1879 κρότος
688 1844 698 1875 ,
728 1798 820 1859 τοῦτο
850 1795 911 1875 μὲν
938 1797 1185 1880 προμηθέστατα

98 1884 183 1970 ἔχων
196 1891 230 1964 ἐς
244 1886 319 1967 τούς
332 1889 501 1975 ἐπηκόους,
524 1895 617 1958 τούτο
633 1894 668 1958 δὲ
688 1891 744 1958 καί
757 1897 902 1960 Μοοσάν
921 1892 1074 1978 ἐραστής,
1095 1916 1185 1977 nocq-

98 1985 211 2069 μα’των
229 2013 265 2054 τε
291 1988 348 2054 καί
374 1988 517 2077 ἱστορίας
537 1987 652 2076 ἥδιστα
674 1994 811 2077 ἐπαΐων,
833 1989 877 2069 ἀς
898 1991 954 2057 ιιαί
970 1990 1009 2056 τό
1029 1989 1108 2056 πολύ
1129 1993 1185 2075 τῆς

99 2085 211 2162 νυκτός
240 2091 337 2172 μέρος
364 2091 604 2157 καταναλίσκειν
633 2096 708 2178 περί
736 2089 794 2168 τάς
819 2095 967 2168 τοιαύτας
997 2089 1184 2177 φροντίδας,

60 2185 155 2251 Ιδκαί
180 2190 350 2274 παρορμᾷν
378 2191 523 2259 ἐντεῦθεν
548 2191 605 2255 καί
625 2190 746 2269 ἀξύνειν
775 2200 840 2267 τοῖς
858 2186 1004 2272 χρήμασι
1025 2187 1100 2266 τούς
1121 2188 1183 2270 ἀμ-

95 2288 267 2370 βλυτέρους
286 2287 341 2352 τόν
360 2286 526 2373 λογισμόν,
552 2293 725 2373 ἀγαπητῶς
741 2292 776 2355 ἐν
795 2291 838 2376 τῷ
858 2286 929 2352 τότε
950 2285 1045 2370 ἔγωγε
1064 2284 1183 2369 ἀλύων,

95 2385 152 2447 καί
171 2386 414 2468 δυσανασχετῶν
441 2391 485 2476 τῷ
510 2385 555 2470 μη
587 2385 625 2451 τό
658 2390 771 2452 δέοντα
792 2385 894 2468 ἔχειν,
922 2384 1182 2468 ἀναλογιζόμενος

94 2475 137 2566 ἦν
156 2482 201 2559 ὥς
234 2487 291 2550 οάκ
312 2477 352 2570 ἦν
379 2483 487 2572 χρεοόν
514 2484 652 2571 ἀνόνητά
674 2509 715 2568 με
740 2493 952 2570 περινοστεῖν·
986 2483 1042 2559 Ὶἀς
1064 2477 1121 2548 ούν
1141 2478 1219 2573 dns

95 2580 141 2665 w}
162 2580 217 2647 διά
249 2585 368 2661 παντός
396 2584 637 2670 κενεμβατοιην,
669 2582 824 2670 ἀρμὴθην
845 2585 899 2648 ε’πί
918 2578 1009 2668 τόνδε
1029 2580 1086 2667 την
1105 2606 1182 2666 συγ,

56 2681 241 2767 αογραφην,
274 2678 436 2769 ἄρξασθαι
462 2681 540 2765 μετὰ
570 2683 625 2768 την
655 2686 830 2765 ἀποβίωσιν
857 2685 917 2747 τού
934 2676 1107 2767 Ἀγαθίνου,
1128 2679 1184 2746 καί

96 2781 153 2862 τῆς
172 2777 311 2868 ἱστορίας
331 2781 526 2868 ποιήσασθαι
545 2782 602 2868 την
622 2778 756 2868 ἀρχην.”

177 2877 1182 2972 ἀΜΜὼωωήψη-ὦωᾞήῄημ

94 2978 190 3062 σβεύς
209 3003 258 3054 τις
278 2979 472 3058 ἀκοντισθείς
488 2980 542 3048 διό
567 2986 625 3047 τού
638 2979 775 3068 στήθους
797 2984 958 3050 ἀπώλετο·
1001 2985 1058 3046 καί
1076 2984 1181 3046 ἐντεύ-

174 3132 213 3170 ιι.
232 3118 471 3188 προμηθέστατον
488 3118 645 3176 eod-,Vatic
701 3120 741 3172 rs.
759 3115 824 3170 ὥστ’
846 3113 900 3172 erle
919 3115 957 3173 sir
982 3118 1041 3171 eod.
1059 3117 1122 3172 vas.

93 3240 181 3295 studii
198 3244 370 3312 professione
388 3259 447 3294 sum
465 3259 542 3294 usus.
576 3242 657 3295 Haud
676 3244 749 3295 enim
767 3241 837 3295 milri
863 3242 939 3295 sordi
956 3243 1011 3294 tuis
1033 3257 1126 3294 musas
1150 3242 1182 3295 in
1265 3243 1269 3257 “

94 3312 155 3364 soro
175 3331 269 3384 agere,
293 3315 338 3366 vel
355 3314 456 3384 regiam
473 3314 607 3382 porticum
627 3312 820 3383 frequentare,
846 3320 874 3364 et
897 3311 1072 3384 eloquentiae
1091 3311 1181 3362 insul.-

93 3391 151 3434 sate
169 3386 286 3437 aliorum
305 3385 396 3436 studia
412 3383 480 3435 milri
500 3385 654 3434 conciliare.
697 3383 791 3454 Quare
816 3383 948 3452 neglectis
976 3381 1057 3433 rebus
1081 3382 1181 3445 seriis,

93 3449 232 3507 deteriora
252 3459 366 3519 sectari,
385 3464 412 3507 et
431 3454 534 3506 otiosus
553 3453 697 3505 circumire
714 3453 802 3523 coepi.
837 3454 875 3505 Ac
887 3454 1016 3523 placuere
1031 3451 1098 3503 milri
1112 3458 1182 3505 stre-

90 3526 167 3594 pitus
186 3528 292 3590 musici,
314 3535 343 3577 et
361 3525 539 3577 decursiones
551 3532 708 3594 equestres:
726 3533 923 3594 praetereaque
941 3523 1099 3575 saltationes
1111 3540 1182 3592 pan·

93 3596 277 3649 teminorum.
316 3596 359 3648 Ad
378 3596 446 3648 haec
464 3604 493 3647 et
518 3598 549 3648 in
572 3596 714 3665 palaestris
742 3596 901 3665 frequenter
928 3609 972 3647 nse
1002 3595 1125 3658 exercui,
1152 3601 1182 3647 et

94 3681 127 3716 eo
147 3669 283 3719 amentiae
301 3668 437 3737 processi,
456 3676 488 3719 ut
505 3666 651 3736 paenulam
669 3683 797 3736 quoque,
817 3673 923 3716 etcum
942 3682 974 3717 ea
992 3680 1083 3716 sanum
1101 3682 1181 3717 men-

93 3741 150 3786 tem
177 3754 341 3807 omnemque
368 3737 543 3800 modestiam,
565 3737 634 3807 quae
651 3739 736 3789 vitam
764 3744 860 3798 ornat,
889 3751 1024 3789 exuerem.
1067 3734 1181 3787 Postea·
1208 3732 1212 3741 ’

93 3822 176 3876 quam
195 3824 259 3863 vero
277 3808 426 3860 Mauricius
445 3809 590 3877 imperium
613 3808 775 3877 capessivit,
792 3806 933 3877 princeps,
953 3808 1001 3879 qui
1025 3814 1053 3859 et
1078 3805 1180 3874 populi

92 3877 209 3928 salutem
229 3877 347 3947 provide
362 3879 491 3941 curabat,
511 3887 539 3930 et
557 3880 648 3930 ldusas
667 3876 792 3940 amabat,
820 3878 1047 3946 poematibusqne
1076 3884 1104 3925 et
1128 3872 1177 3924 hi-

92 3947 185 3998 atoriis
203 3948 348 4001 audiendis
368 3950 614 4020 quamplurimum
633 3946 838 4011 delectabatur,
865 3955 961 4016 utpote
981 3946 1031 4028 qui
1052 3960 1179 4014 magnum

90 4018 182 4069 noctis
200 4028 306 4087 partem
325 4021 384 4087 ipse
403 4021 433 4070 in
452 4021 486 4070 iis
512 4021 610 4072 studiis
635 4025 822 4081 consumeret,
850 4026 879 4070 et
901 4019 1011 4086 ingenia
1032 4012 1179 4067 hebetiora

90 4089 278 4141 munificentia
300 4091 433 4143 excitaret
447 4097 531 4159 atque
542 4098 669 4143 acueret:
689 4099 755 4143 tune
765 4105 814 4156 ego
831 4091 929 4140 merito
942 4086 1036 4138 dolens
1047 4091 1075 4135 et
1084 4084 1177 4136 eninm

90 4175 186 4228 aeger,
212 4159 288 4229 quod
306 4176 352 4223 ea,
377 4158 478 4229 quibus
504 4176 575 4228 opus
591 4169 680 4223 esset,
704 4177 761 4214 non
785 4158 933 4227 haberem3
961 4171 1067 4207 mecum
1092 4169 1179 4223 repu-

89 4236 150 4280 tare
169 4232 263 4298 coepi,
288 4249 344 4284 non
369 4239 495 4299 oportere
517 4247 560 4282 me
584 4231 673 4284 visam*
694 4228 764 4282 adeo
788 4230 907 4279 inertem
933 4235 961 4280 ct
987 4226 1103 4277 otiosam
1121 4231 1178 4275 trs·

90 4297 198 4352 (lucere.
236 4300 329 4367 Quare
346 4314 382 4351 ne
405 4317 516 4370 prorsus
540 4300 612 4352 nihil
637 4315 762 4371 agerem,
790 4297 825 4348 ad
842 4298 921 4358 ,hane
947 4294 1088 4348 historiam
1113 4293 1177 4346 aui·
1218 4301 1223 4313 “

89 4381 166 4420 marna
200 4370 316 4440 appuli,
349 4371 463 4440 eiusque
490 4371 719 4442 conscriptionem
749 4367 783 4420 nb
814 4368 895 4420 obitu
921 4365 1052 4435 Agathiae
1083 4365 1177 4434 euspi-

89 4448 170 4493 cetus
186 4443 272 4492 sssm.”
1115 4466 1117 4471 >

161 4528 186 4564 a.
222 4508 373 4564 Menander
399 4509 470 4563 libro
496 4511 590 4582 primo·
612 4542 642 4553 ·-
661 4511 717 4564 llas
746 4510 774 4560 in
801 4506 911 4575 regione
932 4505 1037 4575 legatus
1063 4503 1181 4578 quidun
