2716 5078
221 252 374 318 xxxviii
523 245 743 312 DEDICATIO
776 244 1028 313 HOESCHELH.
1066 309 1068 313 ,

224 424 329 463 eorum
359 401 570 461 historicorum
591 400 757 481 fragmenta
783 398 970 479 suppeditat,
993 418 1122 479 quorum
1147 397 1224 458 nihil
1245 399 1310 458 fere

223 502 369 562 hactenus
390 511 508 582 praeter
523 521 637 561 nomen
655 501 776 559 exstitit.
823 499 876 558 llis
905 494 1098 558 corollarium
1115 498 1308 575 addidimus,

224 598 341 681 eclogas
373 598 521 666 librorum
554 599 681 658 Diodori
716 594 809 658 siculi
837 598 1032 674 amissorum,
1061 618 1135 679 quas
1164 618 1180 657 e
1204 597 1311 657 codice

224 699 372 760 Ludovici
397 699 561 760 Alemanni
589 698 759 759 Florentini
788 697 907 758 doctiss.
937 698 977 756 R.
1000 697 1156 758 Thomson
1189 696 1311 778 Anglus

224 820 345 859 mecum
362 801 458 860 amice
469 800 715 859 communicavit.
760 797 841 857 Haec
860 792 998 858 veterum
1014 790 1229 872 monumenta,
1251 798 1312 858 Vir

224 897 423 980 amplissime,
447 900 522 972 tibi,
537 909 637 959 tantae
654 898 807 980 dignitatis
826 908 984 980 tantaeque
1004 896 1191 970 eruditionis,
1205 896 1313 957 dicare

226 1018 289 1058 non
309 997 430 1059 fuissem
452 1019 564 1075 ausus,
584 998 644 1057 nisi
665 995 801 1056 nobiliss.
825 998 945 1056 Marcus
967 996 1130 1073 Velserus,
1155 994 1313 1055 Duumvir

226 1109 347 1174 noster,
370 1098 484 1179 amicus
499 1107 589 1173 tuus,
614 1118 663 1157 me
678 1097 901 1173 confirmasset3
923 1097 1008 1157 cuius
1025 1095 1198 1156 liberalitati
1216 1095 1311 1156 editio

135 1199 136 1202 ’
225 1195 300 1258 haec
321 1196 460 1257 debetur.
504 1194 551 1256 Ac
574 1217 645 1257 sane
670 1195 834 1257 iucundam
857 1196 918 1256 fore
939 1196 1049 1255 horum
1071 1196 1126 1255 tibi
1147 1193 1311 1283 lqctionem

210 1296 433 1387 (opinamur,
462 1297 621 1385 cognitura
638 1302 712 1356 'cum
742 1294 802 1355 alia
833 1294 992 1381 observatu
1018 1315 1163 1378 perquam
1196 1293 1310 1377 digna,

222 1379 465 1477 ‘tum'kxempla‘
486 1399 575 1477 (quae
597 1398 698 1478 potior
725 1398 823 1478 operis
850 1387 928 1477 pars)
954 1398 1017 1456 eius
1048 1395 1199 1471 muneris,
1226 1392 1323 1477 quod¹

227 1493 371 1577 singulari
390 1494 468 1568 lide,
500 1514 573 1555 cura
593 1506 623 1555 et
646 1494 827 1577 prudentia,
848 1495 887 1556 de
915 1497 1097 1577 gravissimis
1116 1494 1225 1566 rebus,
1248 1476 1323 1576 qua

226 1614 281 1676 per
311 1595 504 1655 Germaniam
525 1603 556 1655 et
579 1594 779 1672 Sarmatiam,
813 1616 874 1677 qua
897 1616 951 1677 per
975 1594 1147 1670 ltaliam‚a
1176 1585 1315 1654 maximo*

227 1693 354 1754 Caesare
382 1693 422 1754 ad
446 1715 579 1756 summos
599 1696 755 1778 Principes
775 1697 897 1770 missus,
930 1695 1054 1773 obiisti3
1077 1693 1308 1770 iucundiorem,

225 1794 297 1875 quia
318 1792 421 1875 lingua
435 1795 549 1855 Graeca
568 1794 683 1855 isthaec
708 1795 872 1877 prodeunt:
894 1798 980 1857 cuius
1004 1797 1031 1855 is
1050 1806 1094 1855 est
1114 1815 1200 1854 amor
1219 1804 1305 1866 tuus,

226 1913 261 1953 ea
282 1895 411 1974 peritia,
435 1905 471 1954 ut
501 1892 584 1955 locos
607 1897 683 1955 scias
706 1906 864 1956 auctorum
885 1898 1039 1957 restinxere
1064 1894 1155 1968 illos,
1178 1893 1217 1954 ad
1233 1915 1307 1976 quos

225 1991 266 2051 ab
289 1991 355 2054 aliis
375 1991 595 2053 conclamatum
612 2003 667 2054 est.
684 2069 688 2079 .
711 1993 795 2054 Nihil
816 1994 913 2058 dicam
935 1996 973 2056 de
991 1995 1157 2072 beneficio,
1181 2014 1243 2075 quo
1261 2014 1308 2052 me

171 2113 173 2117 ⁴
224 2090 256 2150 iu
272 2089 360 2173 Reip.
378 2089 528 2153 literariae
546 2092 739 2153 commodum
758 2096 870 2154 ornasti
889 2097 1029 2155 maximo.
1073 2095 1134 2157 Pro
1153 2112 1215 2174 quo
1230 2094 1306 2175 grati

206 2198 255 2250 ct
277 2190 418 2250 memoris
434 2191 527 2250 animi
544 2192 750 2252 testimonium
773 2191 832 2253 hoc
853 2215 917 2254 esse
938 2192 1061 2277 aliquod
1077 2191 1221 2275 patiaris,
1244 2210 1306 2251 me·

224 2307 285 2367 que
299 2307 392 2369 porro
410 2288 652 2350 commendatum
681 2289 793 2352 habere
814 2292 962 2375 digneris,
985 2294 1075 2353 etiam
1099 2302 1192 2374 atque
1215 2292 1306 2351 etiam

120 2383 123 2389 ’
206 2405 290 2446 om.
333 2386 414 2446 Bene
433 2386 501 2448 vala
512 2432 521 2465 ‚
534 2388 722 2470 praesidium,
737 2411 773 2451 ac
792 2391 883 2453 decus
898 2394 1064 2454 Musarum.

208 2515 211 2524 ,
307 2484 461 2568 Augustae
469 2484 619 2550 Vindelic.
632 2488 776 2571 postridie
790 2490 818 2551 N
820 2513 872 2553 ou.
882 2492 1008 2576 Aprilis,
1017 2492 1057 2585 A.
1067 2491 1100 2555 S.
1111 2490 1303 2555 thlDCssl.
