2774 5122
205 238 294 326 382⁴
588 209 605 236 Ἰ
644 258 853 336 uictum

61 412 244 505 Δ.ΰ.568ἤν
265 417 466 495 ὑπεδέξαντο.
498 413 580 496 ἆτάρ
604 409 622 477 o‘
643 410 824 497 Ζήμαρχσς,
846 411 919 491 „oui
939 412 1027 494 δῆτα,
1069 434 1141 496 εφη,
1163 398 1213 489 „si
1234 426 1289 471 ro«

71 497 327 632 iudidii⁰⁰¹5w⁷
347 518 448 581 ἐθνῶν
469 511 609 599 ἡγεμών,
631 511 648 577 ὅ
670 517 745 577 καθ’
762 513 850 597 ’ἡμᾶς
869 508 1018 592 βασιλεύς
1039 508 1056 573 ὅ
1077 510 1199 591 μέγας,
1230 507 1288 588 dy·

174 616 369 703 Βγελοφόρφ
389 610 589 699 χρησάμενος
608 616 681 693 έμοί
689 665 699 694 ,
729 607 881 695 ε’σήμηνεν
902 604 983 674 εἶναι
1003 611 1093 675 έσαεί
1110 606 1169 691 τήν
1189 603 1292 689 τύχην

204 715 312 778 αἰσίαν
331 736 366 777 τε
388 714 443 779 καί
464 710 597 796 α’γαθήν,
619 713 653 775 έν
666 711 766 796 ἡδονῇ
791 712 966 798 ποιουμένη
986 730 1038 773 σοι
1056 704 1095 772 τύ
1114 702 1292 785 Ῥωμαίων,

204 811 260 878 καί
279 808 359 894 πρός
378 836 412 895 γε
436 814 717 897 φιλοφρονουμένην
747 809 841 892 ἡμᾶς.
861 805 939 872 ἔστω
963 809 999 870 δέ
1018 829 1071 872 σοι
1091 813 1220 888 κρατεῖν
1240 803 1316 873 deis

204 915 268 980 τῦν
299 913 461 993 δυσμενῶν
490 913 546 973 καί
575 914 819 995 λαφυραγωγεῖν
845 904 881 971 τὸ
904 910 1063 986 πολέμιον.
1106 903 1235 967 αἰιέστοο
1257 901 1293 964 δὲ

200 1012 361 1093 βασκανία
382 1033 429 1084 τις
453 1007 497 1083 ὥς
516 1004 712 1097 αοβρωτοὶτω
734 1002 842 1089 ήμῶν,
865 1006 917 1069 ολίι
939 1029 973 1070 τε
995 997 1074 1069 οὖσα
1096 994 1294 1085 διαβρηγνύ·

190 1132 260 1174 ιναι
280 1106 355 1182 τούς
376 1110 433 1190 τῆς
454 1111 563 1193 φιλιάς
578 1106 727 1187 θεσμούς.
751 1104 914 1190 ἐπιτήδεια
937 1102 1041 1186 ἔμοιγε
1061 1107 1124 1166 τῶν
1147 1095 1297 1183 Τούρκων

205 1205 246 1272 τοὶ
272 1210 373 1293 φῦλα,
395 1207 451 1269 καί
467 1200 527 1270 ὅσα
542 1204 677 1290 κατήκοα
701 1202 865 1289 Τούρκων·
888 1206 970 1282 ἕξετε
985 1205 1021 1266 δὲ
1040 1198 1097 1283 τήν
1117 1203 1189 1264 καθ’
1212 1196 1295 1280 ἡμᾶς

207 1308 264 1371 καί
282 1306 371 1386 ὑμεῖς
393 1299 448 1367 orbs
471 1297 601 1378 ύλλως.”
642 1309 773 1368 τοιαῦτα
795 1296 873 1381 ἅττα
894 1300 996 1380 ἔλεξεν
1019 1300 1038 1364 d
1060 1298 1256 1383 Ζήμαρχος·
1278 1289 1334 1355 5¹⁰

208 1407 244 1469 δέ
265 1401 305 1488 δή
328 1400 524 1486 Διζύβουλος
545 1406 600 1467 καί
632 1401 728 1478 αύτὸς
750 1404 960 1487 προσρήσεσιν
980 1395 1134 1485 ἐχρήσατο
1158 1395 1295 1476 ὁμοίαις.

115 1521 141 1574 Ρ.
157 1521 203 1575 ι53
216 1501 327 1570 εἶτατὰ
345 1502 453 1569 λοιτιόν
465 1499 643 1587 ἐτράπησαν
656 1504 689 1578 ἐς
701 1507 820 1585 θοίνην,
832 1504 886 1565 καί
896 1502 1073 1587 πανημερίη
1083 1495 1298 1578 εύωχσύμενοι

211 1605 370 1668 διετέλουν
391 1604 425 1666 ἐν
455 1604 536 1689 αὐτῇ
563 1598 663 1686 δήπου
697 1606 737 1688 τῇ
757 1604 866 1688 σκηνῇ.
907 1595 1132 1664 κατεσκεύαστο
1154 1597 1191 1660 δὲ
1210 1595 1299 1680 αύτῷ

211 1699 245 1781 ἐξ
265 1701 464 1802 ύφασμιέτων
493 1705 630 1786 σηρικῶν
658 1725 692 1765 τε
713 1701 769 1764 καί
794 1701 1096 1779 διαπεποικιλμένων
1125 1705 1190 1770 τοῖς
1208 1689 1298 1779 χρειοῖ

210 1790 312 1884 μασιν
343 1801 497 1882 ἀτέχνως.
554 1799 626 1887 οἴνηι
659 1803 718 1881 μὲν
750 1792 809 1865 σύν
835 1798 993 1884 ἐχρήσατο
1003 1849 1012 1878 ,
1045 1793 1105 1879 οὐχ
1135 1796 1233 1882 ὁμοίῳ
1264 1793 1337 1861 derb

209 1903 255 1988 τῷ
275 1925 339 1984 παρ
371 1901 669 1987 ημινεκθλιβομένφ
692 1901 727 1962 ἐκ
746 1901 803 1980 τῆς
818 1898 978 1978 ἀμπέλου·
1001 1897 1041 1961 ού
1053 1894 1115 1980 γαρ
1141 1893 1182 1978 δή
1205 1894 1303 1974 οἷμιτε·

211 1996 349 2084 λοφόρος
370 1998 478 2073 αὐτοῖς
497 2000 596 2083 ἦγῆ,
628 1992 703 2062 ου’δὲ
730 1994 797 2081 μήν
827 1991 1015 2080 έγχωριύζει
1037 1999 1110 2080 παρ’
1134 1996 1245 2069 αὐτοῖς
1265 1988 1303 2057 τὸ

211 2097 334 2159 τοιόνδε
363 2096 468 2181 γένος’
518 2094 628 2183 ἑτέρου
658 2099 693 2160 δέ
720 2119 803 2173 τινος
834 2095 1032 2180 βαρβαρικοῦ
1060 2093 1304 2179 ἐνεφορήθησαν

213 2191 377 2280 γλεύκους.
398 2196 454 2261 καί
473 2196 689 2281 ἀνεχώρησαν,
712 2191 783 2259 ύτιοι
804 2197 910 2270 αὐτοῖς
930 2195 948 2278 ή
970 2185 1210 2277 κατάλυσις-ἧν.
1231 2187 1301 2256 εἶτα

213 2297 247 2368 ἐς
268 2293 304 2357 τὸ
328 2286 442 2378 αύριον
464 2297 498 2359 έν
519 2291 609 2383 ἑτέρα
632 2293 696 2360 τινί
715 2293 836 2380 καλύβη
859 2296 1024 2378 ξυνῆλθον,
1043 2294 1245 2378 ἠμφιεσμένη
1267 2288 1341 2354 dieo

214 2390 272 2455 καί
291 2395 590 2479 κατακεκοικιλμένη
620 2395 678 2456 ούκ
699 2387 801 2468 ι’ίλλως
830 2393 864 2470 ε”ξ
884 2388 1016 2472 ἱματίων
1037 2393 1193 2475 σηρικῶν·
1224 2385 1304 2452 ἔνθα

188 2492 271 2578 psai
293 2492 458 2574 dydiputa
481 2490 621 2575 διάφορα
641 2495 681 2577 τῇ
700 2493 811 2578 μορφῇ
832 2488 977 2573 εἱστήκει.
1009 2485 1026 2553 ὅ
1049 2491 1084 2554 δέ
1105 2485 1305 2569 Διζάβουλος

217 2587 357 2666 ένίζανεν
378 2588 433 2652 εἰιί
451 2592 556 2671 κλίνης
577 2587 683 2673 τινὸς,
712 2586 786 2675 ὅλης
805 2592 839 2653 ἑκ
859 2591 1001 2676 χρυσου”.
1043 2585 1123 2651 κατὰ
1148 2589 1184 2651 δὲ
1207 2586 1247 2672 δή
1267 2583 1304 2650 τὰ

287 2743 311 2778 a.
331 2725 397 2777 καθ’
424 2725 464 2786 Β,
488 2726 556 2793 παρ’
574 2698 646 2794 vuig.
733 2743 762 2793 9.
780 2714 814 2777 ssi
835 2741 858 2775 κ.
880 2725 904 2789 ἡ.
925 2708 997 2781 coni.
1012 2723 1044 2775 N.
1119 2741 1158 2776 ra.
1178 2725 1305 2792 πανημέ·

287 2811 348 2865 ριοι
366 2794 435 2847 eoni.
455 2795 481 2845 B.
523 2795 561 2849 15.
581 2796 719 2862 εὐτέχνως
734 2804 762 2846 et
783 2812 845 2847 mox
858 2794 1013 2869 ἐχρήσαντο
1025 2797 1096 2852 coni.
1112 2795 1146 2846 N.
1183 2791 1215 2845 δὲ
1234 2793 1305 2861 vulg.

285 2866 398 2934 ponitur
416 2873 478 2935 post
504 2867 588 2936 οἴνῳ,
607 2867 684 2918 deest
700 2875 763 2935 post
782 2867 881 2936 ὁμοίῳ,
962 2883 999 2935 ¹7·
1017 2861 1075 2936 μήν
1097 2866 1125 2917 Β.
1136 2902 1146 2927 ,
1161 2865 1219 2936 μὲν
1235 2864 1304 2933 vulg.

218 3026 262 3071 tot
279 3021 401 3087 gentium
420 3019 491 3085 dux,
515 3022 580 3091 quia
601 3023 735 3074 Romanos
762 3021 870 3090 diligis,
889 3028 917 3074 et
940 3036 1033 3072 eorum
1052 3026 1080 3069 te
1102 3018 1239 3070 secundae
1264 3033 1308 3068 rea

218 3091 366 3150 delectant,
384 3099 478 3143 noster
496 3109 539 3142 ma
558 3109 608 3143 nus
627 3096 785 3160 Imperator,
804 3109 846 3144 me
869 3091 1048 3152 internuntio,
1068 3099 1212 3157 precatur,
1231 3097 1261 3139 ut
1277 3090 1306 3140 iu

217 3160 458 3228 perpetuumfeiir
470 3163 517 3223 sis,
537 3111 680 3231 {bustaque
691 3162 799 3214 fortuna
814 3163 906 3214 utaris.
928 3162 1015 3212 Detur
1029 3161 1083 3211 tibi
1098 3160 1228 3211 inimicos
1239 3175 1307 3209 rem-

218 3246 269 3303 per
279 3245 417 3297 superare,
426 3238 453 3281 et
462 3230 574 3297 praedas
584 3247 663 3300 agere
673 3248 707 3283 ex
719 3231 852 3285 hostibus.
872 3231 977 3283 invidia
989 3238 1080 3282 autem
1092 3247 1171 3300 quam
1181 3228 1307 3296 longissi-

220 3298 388 3352 meaaobis
408 3300 490 3363 absit,
529 3319 579 3352 uae
597 3302 730 3354 amicitias
751 3301 898 3354 dissolvere
916 3309 1013 3370 potest
1049 3301 1186 3369 Equidem
1205 3302 1308 3352 Tuscos

223 3376 252 3420 et
276 3377 370 3438 gentes
398 3371 454 3421 iilis
480 3320 603 3423 subditas
630 3374 843 3425 necessariorum
870 3372 930 3423 loco
954 3371 1062 3422 habeo:
1087 3378 1115 3422 et
1139 3388 1186 3422 vos
1213 3368 1309 3422 eodem

220 3456 283 3509 erga
307 3454 358 3490 uos
376 3442 467 3491 animo
496 3443 596 3493 eritis.”
633 3443 703 3495 cum
731 3442 888 3494 Zemarchus
909 3439 1066 3492 huiusmodi
1085 3441 1238 3493 orationem
1258 3438 1308 3491 ha-

220 3509 351 3572 buisset,
375 3510 523 3562 Disabulus
552 3510 587 3562 ad
605 3511 720 3565 eandem
751 3513 915 3564 sententiam
942 3511 1090 3580 respoudit
1133 3510 1200 3561 Inde
1228 3527 1256 3562 se
1275 3506 1310 3559 ad

220 3580 375 3634 convivium
394 3589 602 3647 converterunt,
629 3591 657 3634 et
677 3571 752 3651 quod
777 3583 914 3653 reliquum
932 3583 988 3633 fuit
1005 3580 1060 3633 diei
1080 3583 1109 3631 in
1127 3579 1225 3631 eodem
1244 3588 1305 3632 ten-

219 3651 293 3702 torio
313 3652 393 3720 genio
419 3649 592 3720 indulgentes
620 3660 816 3723 transegerunt.
859 3654 922 3702 Erat
950 3660 1040 3703 autem
1069 3648 1139 3702 iliud
1156 3653 1306 3702 tentorium

220 3722 384 3772 instructum
412 3723 503 3773 sericis
530 3723 684 3790 tapetibus,
705 3722 805 3775 affabre
825 3726 874 3791 per
891 3722 995 3774 colores
1015 3721 1168 3789 variegatis
1206 3721 1307 3771 Vinum

219 3789 377 3859 praebitum
400 3791 511 3861 quidem
532 3795 588 3844 illis
608 3802 665 3857 est,
684 3812 740 3846 uon
761 3802 850 3845 autern
875 3792 903 3842 id
922 3809 1014 3862 genus,
1034 3791 1108 3862 quod
1127 3809 1161 3842 ex
1180 3792 1240 3843 uvis
1257 3808 1307 3843 ex·

220 3859 365 3930 piimitur:
394 3878 485 3932 oeque
512 3864 584 3915 enim
613 3881 708 3916 eorum
733 3866 806 3931 regio
825 3864 923 3914 vitium
948 3863 1021 3913 ferax
1041 3871 1096 3924 est,
1115 3878 1206 3930 neque
1225 3859 1308 3912 huius

222 3931 328 4000 generis
349 3939 414 4012 potu
436 3933 477 3984 uti
497 3936 598 3985 assueti
619 3942 697 3998 suum
720 3933 767 3984 sed
787 3935 842 3986 aiio
872 3933 1030 3985 barbaricae
1057 3934 1179 4002 potionis
1199 3945 1309 3999 genere,

222 3999 258 4051 ad
277 4009 359 4052 mustr
380 4003 587 4055 similitudinem
607 4005 694 4056 sactae
713 4004 804 4055 satiati
824 4002 858 4054 ed
874 4003 1033 4071 hospitium,
1052 4021 1107 4073 quo
1127 4003 1308 4063 diverterant,

222 4067 371 4125 redierunt.
407 4072 541 4126 Postridie
562 4075 642 4128 etiam
667 4077 696 4125 iu
718 4075 772 4126 aiio
800 4076 909 4143 tugurio
935 4083 1128 4135 convenerunt,
1148 4071 1225 4142 quod
1251 4079 1312 4123 erat

223 4139 309 4193 simili
326 4148 449 4212 tapetum
467 4148 613 4201 sericorum
633 4162 733 4217 genero
751 4144 922 4209 adornatum,
941 4154 967 4201 et
988 4148 1017 4199 ia
1037 4160 1092 4217 quo
1112 4143 1218 4214 effigies
1236 4143 1312 4198 raris
