2716 5078
490 497 543 619 nn
571 552 717 624 amno.
864 543 867 549 ’
1061 555 1142 616 xxv

65 712 180 775 Erasim
194 708 355 772 manifesto
373 705 467 768 buius
490 718 596 789 partes,
608 716 680 767 sunt
700 724 896 788 quaestioque
915 726 941 767 ,ι
958 705 1052 769 Petro
1074 727 1142 783 τιτα-Δ

68 816 155 895 gistro
170 819 291 871 exstant
307 811 423 869 inserta
447 806 655 868 caeremoniali
671 806 858 867 Constantini
869 806 1142 888 Porphyrogeniti:

69 912 177 972 lubuit
196 920 299 970 autem
318 929 388 970 eram
406 917 564 968 auctorem
580 927 641 967 non
664 904 874 988 solumcapitn
887 908 977 987 primi
997 905 1065 967 libri
1088 903 1143 983 84.

66 1022 95 1072 et
113 1012 187 1084 85„
210 1009 322 1092 quibus
347 1009 414 1072 sius
430 1028 541 1067 nomen
563 1006 731 1089 praefixum
748 1004 857 1066 diserte
882 1004 1013 1086 legitur,
1034 1025 1142 1064 verum

65 1112 149 1171 etiam
164 1110 269 1169 decem
283 1128 362 1190 quae
373 1105 519 1168 continuo
533 1115 710 1187 sequuntur,
725 1125 820 1187 usque
831 1104 870 1164 ad
881 1103 933 1185 95.
946 1123 955 1180 3
976 1103 1029 1164 ubi
1041 1124 1140 1185 saepe,
1184 1116 1188 1121 ’

65 1230 94 1268 r.
114 1230 161 1292 gr.
181 1208 237 1271 86.
257 1206 311 1291 87.
334 1205 388 1291 95.
415 1205 453 1266 de
481 1206 645 1277 lastiniam
677 1215 822 1286 tanquam
849 1204 1015 1284 imperante
1048 1223 1144 1284 quum

67 1311 118 1370 ista
139 1308 369 1384 so-iberan
403 1325 501 1366 sermo
527 1315 583 1365 est.
627 1305 725 1366 Petita
744 1311 846 1363 autem
869 1321 933 1362 csse
948 1297 1021 1362 haec
1040 1301 1143 1394 omnia

67 1429 83 1467 e
106 1407 182 1468 libro
214 1407 254 1467 de
283 1403 384 1467 officio
414 1405 549 1486 magistri
569 1405 640 1465 satis
664 1402 735 1467 inde
754 1401 907 1486 colligitur
931 1401 1014 1484 quod
1038 1412 1143 1463 auctor

67 1511 218 1588 praecipue
229 1506 263 1568 id
283 1506 364 1589 agit,
387 1515 422 1565 ut
436 1503 541 1565 doceat
560 1523 639 1586 quae
653 1512 753 1587 pnrtes
770 1503 905 1584 magistri
929 1502 1034 1563 sintin
1051 1501 1143 1562 rebus

68 1626 135 1687 qma
154 1616 286 1684 tracurt3
304 1606 576 1687 magistrorumque
588 1603 711 1663 nomina
730 1604 817 1684 ponit
835 1644 844 1679 ‚
865 1601 919 1684 qui
939 1601 972 1661 in
991 1622 1027 1661 ea
1043 1601 1143 1683 digni·

69 1715 122 1766 nte
143 1706 255 1766 fuerint
274 1725 338 1787 quo
363 1715 499 1787 tempore
519 1704 648 1783 Leones,
669 1723 746 1764 avus
761 1712 792 1762 et
809 1721 923 1784 nepos,
949 1701 1142 1770 Anastasius-

70 1826 122 1886 que
138 1817 168 1865 et
185 1805 320 1866 lustinus
343 1806 504 1884 imperium
521 1813 725 1885 sauceperrmt.

130 1904 243 1964 Utrum
259 1904 357 1966 hocin
370 1900 524 1971 volumine
537 1924 576 1962 nn
596 1902 667 1963 alibi
682 1902 792 1963 Petrus
804 1903 971 1983 exposuerit
980 1924 1059 1984 quae
1071 1924 1143 1968 cum

72 2001 193 2063 Clrosroii
212 2003 252 2062 de
272 2023 347 2084 pace
361 2002 570 2083 componenda
590 2000 709 2062 locutus
733 2001 934 2083 esset³⁷)‚pr0
956 2004 1143 2085 incomperto

72 2100 208 2184 relmquo.
252 2100 406 2162 Sermonis
435 2104 633 2163 rusticitatem
666 2102 697 2162 in
730 2121 766 2163 eo
796 2101 988 2183 reprehendit
1016 2106 1143 2165 Manan-

74 2201 135 2277 der,
154 2221 246 2283 quam
265 2222 298 2262 se
315 2201 416 2262 verbis
436 2200 546 2262 Atticis
571 2210 702 2261 mutasse
728 2202 771 2259 ait
790 2221 886 2282 quum
914 2199 1062 2284 colloquia
1086 2207 1144 2263 ista

74 2302 205 2363 interret:
221 2303 392 2381 iustamque
423 2320 486 2360 esse
510 2299 772 2380 reprehensionem
795 2301 821 2358 ei
853 2299 939 2360 facile
974 2302 1143 2364 credimust

74 2421 133 2461 nam
164 2402 195 2461 in
224 2397 366 2482 capitulis
395 2420 473 2482 quae
499 2401 532 2459 in
559 2396 769 2479 caeremoniali
800 2408 918 2458 exstant
935 2402 1080 2480 graecitas
1105 2401 1146 2462 ad

75 2498 254 2579 ortasiem,
275 2498 494 2581 vulgaremque¹
508 2518 678 2559 sermonem
702 2495 861 2557 manifesto
887 2497 1056 2573 inclinata,
1084 2501 1145 2561 iruo

77 2601 126 2659 iarn
139 2602 167 2661 in
179 2600 265 2661 hunc
287 2619 442 2676 conversa,
458 2599 659 2681 conspicitur3
682 2617 780 2678 neque
791 2595 911 2680 eclogae
921 2620 955 2658 ex
966 2598 1092 2662 historia
1104 2599 1145 2661 ab

78 2699 123 2758 ista
143 2700 207 2761 labe
240 2700 390 2759 immunes
409 2708 489 2759 sunt.
534 2697 594 2772 At,
622 2718 700 2780 quae
729 2717 746 2756 e
772 2695 857 2758 libris
886 2697 960 2779 napi
985 2700 1145 2781 πολιτικῆς

75 2789 231 2879 ἐπιστήμης
251 2800 283 2857 in
302 2797 425 2859 luminis
447 2818 514 2858 oras
529 2797 646 2858 reduxit
662 2796 773 2872 Maius,
792 2816 911 2858 summa
935 2796 1094 2880 elegantia,
1114 2810 1147 2860 et

73 2917 154 2977 paene
174 2899 354 2969 intemerato
381 2898 485 2958 Attico
501 2917 644 2964 sermone
665 2898 776 2978 scripta
794 2907 877 2956 sunt.
920 2897 1025 2973 Quum
1044 2909 1146 2959 autem

72 2995 168 3057 Petrus
186 2999 232 3057 sui
252 2998 320 3057 aevi
344 2996 534 3074 hominibus,
553 2996 605 3078 qui
631 3017 667 3057 ea
686 2995 749 3056 sere
765 2993 868 3077 lingua
886 2995 1050 3056 utebantur
1069 3018 1147 3079 quae

71 3115 143 3156 nunc
163 3098 245 3178 apud
269 3098 401 3157 Graecos
421 3097 556 3169 obtinet,
579 3096 780 3178 loqueretur,
802 3115 866 3156 non
888 3095 1040 3156 veteribus
1063 3097 1146 3157 Atti·

66 3195 121 3280 ¹cis,
146 3217 246 3256 sermo
266 3197 352 3274 eius,
374 3217 431 3278 pro
453 3198 718 3278 grammaticorum
743 3196 891 3257 sententia
914 3195 1059 3271 vitiosus,
1084 3217 1147 3273 non

69 3296 243 3376 impediebat
266 3317 328 3376 quo
355 3298 469 3368 minus,
493 3297 518 3355 si
544 3296 590 3355 vis
616 3294 818 3376 persuadendi
849 3295 876 3353 ei
900 3295 1027 3371 inesset,
1047 3294 1148 3356 homi-

69 3393 553 3456 nnufmentesorationellectcret.
576 3395 624 3453 De
637 3416 696 3476 qua
709 3395 765 3454 viri
779 3393 960 3474 eloquentia,
982 3395 1148 3480 ceterisque

70 3493 201 3569 dotibus,
224 3495 396 3555 testimonia
416 3514 494 3574 quae
517 3493 567 3552 hic
588 3493 738 3574 subiungo
761 3492 939 3574 loquuntur.

145 3595 297 3654 lomnes
322 3595 426 3653 Linus
452 3593 491 3654 de
519 3595 734 3674 nmgirtratibrs
765 3594 885 3654 11.25.
914 3592 995 3655 26.:
1024 3597 1089 3666 τοῖς
1109 3592 1146 3655 δὲ

68 3685 271 3807 iprtpopivotg
300 3685 376 3763 τούς
416 3690 530 3773 ἐφεξῆς
565 3686 611 3770 μή
648 3689 801 3772 ἀγνοῆσαι
833 3689 1026 3775 μαγίστροας
1052 3682 1147 3774 ἄχρις

70 3784 173 3872 ἡμῶν,
202 3787 331 3872 α’ρκέσει
363 3786 441 3870 πρὸς
468 3789 676 3852 διδασκαλίαν
704 3789 870 3873 Πέτροςι
852 3813 869 3851 o
892 3786 991 3855 πάντα
1012 3788 1148 3872 μεγαλό-

72 3909 173 3968 ppos,
202 3911 256 3949 και
285 3889 342 3971 τῆς
369 3883 542 3951 καθόλσυ“
531 3890 670 3971 ιστοριάς
698 3887 846 3972 α’σφαλῆς
874 3885 1082 3966 διδάσκαλος,
1104 3889 1146 3950 δι’

72 3973 113 4045 niv
134 3983 231 4061 αιῖτός
249 3985 304 4050 ἐπὶ
321 3986 379 4050 τοῦ
400 3988 567 4071 λεγομένου
589 3989 796 4072 μαγιστησίου
817 3987 1030 4072 ἀνεγράψατο.
1071 4010 1149 4102 upp-

72 4085 160 4199 iiten
184 4076 239 4148 οὖν
269 4084 290 4168 ἦ
323 4083 505 4165 tvuapig'
489 4110 540 4150 ιπι
536 4088 713 4150 πλέον
674 4111 730 4170 της
750 4087 876 4172 ἀρχῆς·
907 4109 943 4147 ov
968 4083 1066 4165 μόνον
1085 4085 1147 4169 γὰρ

74 4179 128 4254 τὰς
156 4186 216 4246 roir
243 4186 348 4248 iliacis·
371 4183 578 4268 πρεσβείας(
559 4187 615 4269 σφ’
635 4179 739 4273 iuueni
766 4181 994 4262 reloriooeip
981 4178 1149 4269 μὰγιστρσς

76 4272 152 4364 ἔχειν
181 4282 385 4362 πιστεύεται,
411 4280 467 4348 τόν
488 4307 520 4348 τι
543 4279 696 4368 δημόσιοι
717 4249 852 4370 incitor,
873 4306 927 4348 και
948 4288 1108 4367 πλῆθος’
1092 4310 1148 4367 ιμ-

96 4457 137 4527 32)
153 4459 421 4534 Menander,‚p.429
403 4482 428 4533 9.
