2724 5092
204 257 209 269 ·
285 223 342 314 ‘50
724 251 935 318 excnunra

137 372 374 496 acaedam
402 378 466 473 τῶν
501 407 732 491 αἶχμολάτων,
775 402 809 484 δς
830 409 867 471 δὲ
887 397 926 492 ἦν
948 404 1150 489 αἰχμάλωτος
1167 401 1230 470 άπὸ
1253 432 1311 494 παρ

188 496 247 550 Ιοδ.

135 501 348 629 νηηωδνδῖίι
389 505 463 583 '⁰¹33
483 509 519 572 δὲ
540 505 576 572 τὸ
597 508 732 590 didymi
752 515 877 589 κατεῖχε
888 507 959 570 ’τοῖν
979 501 1106 591 δώρων,
1131 502 1172 571 τά
1193 529 1227 571 τε
1246 511 1311 572 λινά

279 633 433 698 φάσματα
453 609 509 672 καί
528 604 565 670 τά
586 609 650 672 τῶν
670 606 863 691 στρωμάτων
891 606 940 672 ἐπ’
961 605 1131 692 ἀμφότερα
1158 611 1311 672 θυσανοει

278 714 408 782 ἕκαστος
429 709 465 772 δὲ
486 704 594 782 tuter
614 699 719 771 σάτάν
734 704 938 788 ὑπελάμβανε
957 703 1082 789 κοίτην
1096 705 1198 771 οἰκίαν
1214 731 1311 771 καταπ

278 832 345 874 σειν
366 808 495 872 οἰκετῶν
515 807 572 869 καί
592 802 633 870 τά
653 808 759 890 χωρία
780 805 945 888 βοηλατῶν
965 801 1021 868 καί
1041 802 1104 888 ’τὴν
1124 803 1279 891 ε’ρωτικην
1299 811 1311 869 λ

277 932 339 973 σαν
367 909 425 991 τῆς
453 907 529 989 περί
554 908 658 970 ταῦτα
694 906 865 982 ἐξουσίας.
906 907 1084 988 νικηθέντες
1115 906 1151 969 δὲ
1173 900 1235 969 διεδ
1253 903 1311 971 rod

277 1009 366 1092 νίκην
388 1007 553 1089 αἰσχίστην
573 1007 629 1068 καί
648 999 939 1089 παρανομωτάτην,
971 998 1077 1088 οἵσπερ
1098 1002 1186 1080 τινάς
1206 997 1311 1090 εάεργι

280 1108 336 1170 καί
355 1108 499 1190 σωτῆρας
520 1101 675 1178 παλαιοὺς
694 1102 773 1185 μετά
794 1106 861 1168 τοῖν
881 1098 987 1168 δπλων
1007 1104 1172 1181 ε’δίξαντο.
1214 1101 1244 1169 οἱ
1267 1107 1303 1170 δδ

200 1232 204 1247 ›
251 1208 395 1271 Βσοῦτον
415 1198 536 1269 άκονιτί
554 1206 686 1288 πρᾶγμα
706 1202 976 1287 διαπεπραγμένοι
1020 1200 1077 1266 καί
1101 1201 1162 1288 τήν
1189 1201 1271 1269 σάλιοι
1291 1230 1311 1270 σ

279 1302 385 1393 φοράν
406 1297 659 1386 εὐτυχήσαντες,
680 1304 745 1385 οἳχε
767 1301 841 1367 άντί
858 1304 917 1387 τῆς
936 1303 1071 1367 Σκυδῶν
1089 1303 1224 1389 ἐρημίαις
1243 1308 1301 1368 καί

277 1401 448 1488 βαράθρου
467 1400 527 1486 την
540 1398 722 1486 Ῥωμαϊκὴν
741 1395 846 1486 άρχῆν
874 1398 1107 1483 ἀπελάμβανον,
1130 1395 1229 1478 cnidda
1244 1409 1311 1470 πολι

283 1501 449 1591 βάρβαρον
469 1504 504 1567 ἐν
523 1505 569 1588 τῷ
587 1499 803 1589 παρασπόνδιρ
824 1500 882 1564 καί
907 1500 1028 1590 άπιστιρ
1050 1501 1231 1588 διίφαινον.
1273 1502 1294 1586 ἦ

277 1602 339 1690 γάρ
370 1595 528 1688 ἄχρηστος
555 1599 662 1687 ἡλικία
688 1602 896 1683 προλαβοῦσα
924 1597 1008 1666 κατά
1036 1598 1096 1684 τήν
1124 1598 1311 1683 διάβασινρ

276 1704 412 1789 βαθείας
439 1701 579 1784 σπουδῆς
611 1697 667 1763 καί
695 1699 863 1786 φροντίδος
896 1700 961 1766 τῶν
987 1702 1089 1765 ταῦτα
1116 1703 1311 1781 βεβουλευμί

197 1814 200 1826 ‘
276 1807 323 1878 είς
343 1799 387 1878 τοὶ
407 1798 484 1885 ἔθνη
507 1808 669 1883 κατεχείτο
690 1802 746 1863 καί
765 1799 978 1886 διεσπείρετο.
1019 1798 1141 1864 οἰκέται
1169 1800 1206 1865 δὲ
1234 1803 1292 1864 καί

275 1910 380 1975 ναῖκες
399 1903 457 1964 καί
477 1901 588 1973 παῖδες
608 1897 749 1978 ἐκείνων,
781 1896 810 1962 οἱ
830 1901 891 1980 μὲν
909 1897 1065 1981 βασιλικά
1086 1897 1264 1983 παράσημα
1285 1894 1311 1982 ἒ]

275 2023 338 2083 τες,
358 1996 417 2074 τάς
438 1999 473 2063 δὲ
494 1989 534 2081 ἦν
553 1996 728 2082 ἁβροτίρας
749 1994 830 2086 δρᾷν
852 1991 875 2082 ἢ
899 1995 977 2064 κατά
1001 1997 1223 2080 αἰχμάλωτον.
1263 2023 1309 2063 πα

279 2101 316 2165 δὲ
338 2093 443 2163 atrata
461 2096 518 2161 καί
534 2094 570 2163 τά
593 2096 743 2162 οἰκετικὸν
762 2092 844 2182 πρός
862 2120 896 2162 τε
915 2095 973 2181 τὴν
993 2091 1165 2182 εὐκρασίαν
1183 2100 1247 2163 τοῖν
1270 2093 1311 2164 άὲ

252 2220 254 2223 ’
275 2197 454 2282 ἀνέδραμον
473 2194 530 2261 καί
548 2193 636 2281 παρά
655 2192 714 2289 τήν
735 2192 862 2281 ἡλικίαν
882 2191 1024 2282 ἥβησαν,
1057 2198 1113 2260 καί
1138 2197 1220 2262 notai
1242 2194 1286 2262 τὸ
1307 2229 1311 2261 ι

279 2293 437 2383 φυόμενον
456 2287 495 2379 ἦν
514 2299 666 2377 πολέμιον
686 2296 789 2379 γένος.
831 2293 862 2360 οἱ
888 2297 949 2377 μὲν
973 2287 1030 2360 οὖν
1050 2299 1183 2360 παλαιοί
1199 2299 1304 2377 μῦθοι

250 2409 372 2477 (ἶγουσι
392 2391 467 2478 περί
482 2391 539 2478 τὴν
552 2393 714 2460 Βοιωτίαν
734 2396 789 2458 καί
800 2394 859 2479 την
873 2394 1033 2479 Κολχίδα,
1056 2395 1262 2479 δρακοντείων
1284 2393 1311 2460 ὄι

276 2517 341 2559 των
363 2496 639 2579 κατασπαρὲντων,
667 2495 702 2560 ἐν
732 2490 840 2571 ὅπλοις
868 2491 938 2577 άμα
958 2499 1001 2586 τῷ
1028 2492 1136 2585 σπόρῳ
1163 2492 1237 2573 τοάς
1258 2487 1311 2561 άνδ

347 2649 371 2718 d.
390 2649 488 2700 οἰκίαν
502 2649 553 2712 lb,
571 2649 683 2702 οἰκείαν
694 2638 766 2718 vulg.
842 2666 881 2703 ιι.
901 2647 1106 2721 ὑπελάμβανον
1126 2647 1199 2717 vulg.

276 2801 369 2838 morae
388 2787 469 2838 unius
488 2803 522 2837 cx
541 2785 664 2856 captivit.
701 2785 754 2838 Hic
772 2791 867 2855 captur
886 2791 928 2837 est
946 2785 1051 2856 virgine
1069 2784 1208 2850 sormoaa,
1229 2785 1297 2837 aliea

276 2855 392 2926 gnitndo
416 2875 559 2931 muncrum
586 2860 675 2925 cepit,
702 2859 776 2909 linea
805 2854 966 2913 vestimenta
1003 2864 1032 2908 et
1056 2856 1176 2927 stragula
1202 2855 1238 2906 ab
1257 2863 1311 2906 ntra

276 2935 355 2995 parte
384 2928 528 2985 fimbriata.
563 2926 646 2980 Plane
667 2927 857 2999 ianuaquisquc
882 2926 1085 2995 ipsorumboc
1102 2927 1241 2997 propositi
1259 2926 1309 2977 hab

276 3004 309 3048 ut
326 3014 388 3048 auae
407 2998 501 3050 domos
521 2999 619 3062 servis,
647 2998 727 3049 villas
747 2998 905 3067 pastoribus
925 3006 953 3049 et
977 2999 1105 3049 insanum
1129 3001 1231 3049 amoris
1254 2998 1310 3049 iuro

281 3069 376 3136 quavis
396 3069 506 3122 licentia
525 3068 678 3137 implerent
715 3072 812 3138 Itaque
830 3069 896 3120 victi
916 3086 931 3119 a
950 3068 1057 3136 Scythia
1080 3069 1196 3120 victoria
1216 3068 1311 3120 foedio

281 3145 309 3187 et
338 3135 562 3201 ‹lissotutissima‚
589 3156 635 3190 eoa
662 3147 793 3211 tanquam
820 3139 1010 3192 benefactores
1050 3147 1078 3192 et
1096 3139 1311 3209 servatoreaupri

280 3222 341 3257 curn
360 3211 443 3260 armis
460 3218 633 3278 exceperunt.
670 3213 705 3263 At
724 3211 766 3262 illi
785 3218 889 3261 tantam
914 3228 970 3261 rem
990 3211 1050 3262 rinc
1069 3210 1127 3260 ullo
1147 3211 1243 3261 labore
1261 3207 1311 3274 adei

281 3277 415 3340 exclude,
435 3296 516 3350 quam
535 3280 609 3331 domi
627 3289 798 3349 acceperant,
819 3297 896 3332 auam
914 3287 1141 3350 comparaverunt
1155 3281 1311 3362 prosperitati

280 3347 349 3398 Nam
370 3365 418 3417 pro
437 3351 554 3403 desertio
571 3349 698 3417 Scythiae
717 3352 784 3404 locis
804 3360 833 3402 et
850 3351 980 3404 barathro
997 3352 1028 3401 in
1048 3351 1198 3402 Romanum
1217 3366 1311 3402 invasu

280 3419 434 3488 imperium.
472 3422 562 3491 Atque
589 3421 658 3472 adeo
694 3423 748 3472 ianr
773 3431 830 3473 tum
856 3421 972 3474 barbara
992 3438 1086 3474 eorum
1107 3429 1207 3473 natura
1226 3428 1255 3473 et
1271 3435 1311 3490 per

280 3505 315 3539 ex
332 3506 375 3550 eo,
399 3489 475 3563 quod
493 3491 605 3543 foedera
627 3508 677 3561 pro
696 3492 785 3544 nihilo
818 3489 971 3554 ducebant,
995 3493 1129 3562 apparuit
1165 3492 1310 3544 Etenima

278 3557 402 3630 inutilia,
423 3562 452 3610 in
469 3562 633 3614 traiectione
651 3571 776 3631 suscepta
793 3579 889 3632 magno
901 3562 993 3614 studio
1013 3570 1041 3615 ct
1060 3578 1125 3615 cura
1144 3579 1249 3625 corum,
1298 3560 1308 3609 i

279 3631 388 3682 consilii
408 3631 557 3696 dederant,
583 3650 633 3702 per
651 3640 744 3703 gentes
761 3640 789 3684 et
806 3635 952 3697 nationes,
978 3641 1010 3686 ut
1026 3631 1182 3696 habitaret,
1206 3641 1249 3686 cat
1287 3633 1311 3701 ἰ]

279 3717 316 3753 τα.
354 3702 447 3765 Servi,
466 3719 580 3766 uxorea,
599 3704 664 3766 filii,
685 3702 713 3753 hi
733 3703 844 3773 quidem
867 3705 943 3773 signa
967 3705 1042 3772 regia
1067 3703 1214 3772 gerebant,
1243 3703 1302 3753 illae

277 3780 333 3824 tem
364 3775 522 3843 conspicere
552 3782 612 3825 erat
637 3774 748 3825 mollius
779 3781 808 3824 ct
826 3774 980 3837 venustius,
1003 3791 1086 3844 quam
1110 3775 1231 3845 captivat
1252 3773 1311 3825 dece

277 3845 472 3897 vertitaa.·At
496 3847 666 3914 captivorum
691 3844 742 3896 litii
781 3853 809 3895 et
836 3844 970 3916 quiequid
991 3845 1048 3897 illia
1075 3845 1131 3898 fuit
1156 3845 1311 3915 mancipion

278 3915 349 3965 acria
368 3916 505 3984 temperie
523 3917 553 3967 in
570 3916 656 3967 altum
678 3932 707 3966 ae
730 3915 916 3977 sustulerunt,
945 3923 974 3968 et
995 3921 1104 3985 praeter
1130 3923 1248 3968 aetatem
1270 3916 1311 3986 pul

276 3992 343 4035 runt
361 3992 390 4035 et
407 3985 437 4035 in
459 3988 618 4039 immensam
642 3984 851 4039 multitudinem
870 3986 1006 4039 succrevit
1026 3994 1055 4039 ct
1069 3993 1181 4039 auctum
1200 3996 1243 4040 eat
1255 3984 1311 4038 boat

278 4063 370 4122 genua.
406 4056 511 4109 Femnt
527 4058 632 4127 priscae
660 4054 771 4108 tabulae
794 4073 844 4125 per
867 4057 1009 4108 boeotiam
1033 4064 1063 4108 et
1080 4056 1234 4118 Colchida,'
1257 4075 1291 4109 ex

277 4132 377 4176 conum
403 4124 533 4182 dentibus
555 4128 698 4188 seminatis
721 4125 847 4180 homines
872 4144 935 4180 cnm
963 4126 1045 4182 armia
1066 4128 1150 4181 timul
1180 4144 1244 4183 cum
1272 4144 1311 4180 aer

669 4246 697 4310 ,θ
