2716 5078
282 288 406 353 xxxn
515 262 814 347 cammarus
842 235 1140 346 molnouun:

286 451 379 525 atque
397 441 429 502 in
442 435 580 515 elencho,
601 437 655 520 qni
671 436 699 497 ei
720 434 888 507 subiicitur,
910 432 948 494 de
967 432 1082 518 Sericis
1100 436 1119 494 e
1133 438 1265 517 qnorum
1286 434 1309 499 li

285 541 406 623 ,eclogas
434 539 473 600 de
497 537 696 621 legationibus
717 532 913 596 lloeschelius
927 534 1049 608 edidit,
1072 537 1186 596 omittit
1203 537 1309 629 Ilexipq

288 651 319 701 et
345 641 529 722 Eunapium.
581 636 701 698 Scilicet
719 657 755 696 ex
785 634 832 695 his
852 632 929 693 nihil
949 636 980 693 in
1002 645 1120 695 tomum
1141 634 1309 720 eclogarum

288 738 488 823 legationibus
501 738 709 798 Romanorum
731 735 770 795 ad
792 743 893 817 gentes
913 731 1032 794 illatum
1050 744 1140 797 erat..

372 839 428 899 llis
449 837 587 918 expositis
608 857 670 897 uon
691 855 766 917 opus
795 835 853 894 erit
872 832 1009 915 pluribus
1027 834 1128 895 verbis
1148 833 1297 919 probare,

289 914 406 1002 minum
424 938 515 1000 fuisse
528 936 698 1019 eclogarum
717 935 755 995 de
775 933 971 1016 legationibus
984 932 1119 1012 titulum,
1139 936 1309 1016 quommal

289 1039 423 1103 XXVII.
447 1060 464 1099 e
491 1056 687 1098 numerorum
706 1034 832 1112 ordine,
866 1035 980 1115 integer
1007 1054 1077 1093 curn
1107 1033 1294 1117 praefatione

198 1183 205 1196 .
291 1150 371 1218 stat,
392 1137 516 1200 alterius
529 1136 673 1219 praefatio
695 1135 797 1211 abest,
819 1155 881 1216 qua
911 1135 1018 1194 amissa
1039 1135 1103 1195 eiu's
1123 1155 1267 1195 numerus
1289 1135 1309 1217 ip

290 1250 401 1318 ratur3
436 1258 527 1321 quem
545 1248 646 1298 tamen
668 1244 722 1296 ant
740 1234 855 1294 XXVI.
876 1244 930 1295 aut
947 1233 1095 1294 XXVlll.
1118 1233 1209 1297 fuisse
1231 1237 1309 1296 ratio

291 1340 389 1423 cogit:
412 1338 554 1420 deniqne,
575 1357 653 1419 quae
671 1357 706 1396 ex
726 1345 856 1418 utroque
872 1344 1034 1415 supersunt
1045 1334 1080 1394 in
1094 1333 1258 1396 Schottano
1272 1357 1309 1397 co

292 1440 453 1500 coniuncta
467 1438 621 1498 exstitisse.
653 1436 717 1495 lam
732 1455 805 1495 vero
825 1435 1006 1517 perspicitur
1024 1455 1084 1516 qua
1103 1437 1220 1496 ratione
1240 1457 1309 1497 ever

291 1548 328 1598 ut
341 1540 431 1598 etiam
444 1539 476 1598 in
487 1535 664 1619 Polybianis
676 1534 826 1617 plurimae
840 1532 960 1617 eclogae
971 1554 1006 1593 ex
1027 1554 1129 1609 earum
1151 1556 1278 1597 numero
1299 1558 1309 1615 c

292 1635 423 1697 Ursinus
443 1635 537 1696 edidit
558 1635 735 1696 aBavarico
759 1633 859 1694 absint
873 1634 929 1712 ⁵⁷):
952 1634 1052 1714 agitur
1071 1637 1151 1695 enim
1171 1617 1215 1698 ibi
1236 1636 1275 1696 de
1294 1634 1309 1696 l

198 1740 200 1743 ’
291 1737 425 1797 tionibus
445 1757 521 1818 quas
542 1735 671 1796 Romani
698 1736 858 1794 miserant:
882 1733 1041 1815 idemque,
1070 1737 1188 1818 siquis
1209 1734 1247 1796 de
1267 1736 1308 1795 Di

293 1833 486 1918 Appianique
500 1834 608 1918 eclogis
622 1844 757 1916 quaeret,
769 1833 904 1894 inveniat
916 1854 1034 1896 necesse
1049 1845 1102 1896 est.
1127 1816 1263 1919 ltaque'a
1272 1856 1309 1896 re⁴

292 1932 438 1996 hensione
457 1933 604 1994 liberatur
624 1955 759 1995 summus
771 1932 990 2010 casaubonus,
1010 1936 1076 2015 qui,
1096 1956 1190 2016 quum
1212 1936 1244 1994 in
1265 1934 1309 1995 bil

290 2030 379 2095 theca
398 2034 520 2095 Tbuani
538 2035 671 2117 primum
703 2033 812 2094 harum
832 2031 1003 2116 eclogarum
1025 2043 1143 2094 tomum
1163 2044 1278 2095 exstare
1303 2057 1309 2095 t

290 2131 402 2213 beret,
429 2155 491 2217 quo
511 2144 611 2194 tamen
632 2155 736 2195 earum
754 2151 835 2215 quae
857 2154 873 2193 e
898 2130 1027 2215 Polybio
1045 2136 1156 2215 petitae
1177 2134 1238 2194 sint
1256 2155 1309 2195 nor

291 2253 360 2316 pars
382 2238 586 2295 contineretur
593 2236 645 2312 ⁵⁸),
658 2234 781 2292 minime
796 2231 928 2293 errabat.
971 2231 1019 2293 Ac
1032 2233 1096 2292 lieri
1116 2243 1214 2315 potest
1233 2242 1309 2315 utqr

293 2331 345 2393 alii
374 2331 580 2394 Theodosium
609 2326 664 2394 τὸν
690 2326 825 2411 μικρὸν,
850 2332 983 2393 Ursinus
1009 2342 1111 2393 autem
1132 2332 1309 2394 loannem(

291 2429 618 2512 stantinopolitanum‚
641 2430 720 2491 hanc
741 2430 948 2493 collectionem
969 2435 1163 2493 concinnasse
1184 2431 1309 2493 tradide1

291 2528 374 2591 illius
395 2527 491 2590 labori
513 2530 676 2613 legationes
696 2531 735 2591 ad
756 2531 928 2610 Romanos,
950 2530 1040 2593 buius
1060 2532 1166 2593 titulus
1186 2532 1309 2593 XXVll

292 2629 447 2691 codicibus
474 2629 609 2692 tributus
631 2632 681 2692 sit.
724 2632 842 2692 Vereor
875 2642 977 2693 tauma
1005 2653 1044 2692 ne
1064 2632 1102 2693 da
1131 2631 1306 2693 Theodosio

291 2748 377 2790 error
398 2731 464 2809 sit,
485 2751 580 2812 quum
598 2723 768 2803 Θεοδόσιος
788 2723 806 2789 t
816 2724 930 2812 μικρὸς
957 2733 1080 2792 Graecis
1089 2732 1262 2816 Byzantinis
1276 2731 1309 2792 'Il

290 2826 410 2891 dosium
432 2831 584 2891 Minorem
604 2830 820 2913 Imperatorem
841 2829 997 2912 significet.

374 2929 421 2990 Ut
441 2931 539 2991 omnis
560 2931 592 2990 iu
612 2940 768 3012 posterum
786 2930 909 2991 errandi
927 2932 1044 2992 occasio
1055 2929 1193 3009 tollatur,
1216 2942 1309 2993 ntran

290 3027 519 3109 collectionem,
541 3029 747 3113 persingulas
771 3041 908 3090 auctores
929 3030 1077 3108 divisam,
1097 3052 1153 3093 sno
1177 3032 1309 3115 inscript«

288 3125 380 3203 tuto,
404 3127 542 3189 distinxi:
567 3127 650 3190 velut
668 3150 700 3210 p.
720 3149 789 3189 121.
813 3140 844 3189 et
869 3130 952 3207 133,
978 3130 1048 3213 139.
1071 3141 1101 3191 et
1128 3127 1195 3191 ¹66.

336 3284 338 3288 .
374 3228 480 3310 ltaque
500 3249 562 3288 nou
583 3216 666 3302 ties,
691 3229 743 3289 sed
773 3239 905 3311 quotuor
928 3249 945 3289 e
972 3227 1162 3290 collectaneis
1188 3228 1309 3290 Constat

288 3323 545 3408 Porphyrogeniti
560 3327 705 3389 habemus
718 3318 840 3404 titulos,
855 3324 1014 3410 postquam
1035 3327 1080 3388 ill.
1091 3329 1212 3407 Maius,
1232 3325 1309 3388 inlu

286 3422 405 3506 prolata
431 3428 560 3487 maxima
585 3427 667 3488 tituli
688 3428 727 3496 de
749 3429 904 3494 sententiis
928 3438 1032 3509 parte,
1067 3427 1293 3490 immortalibus

288 3521 328 3583 de
348 3544 383 3583 re
402 3521 550 3587 litteraria
569 3525 692 3608 publica
713 3528 828 3587 meritis
849 3525 1006 3586 cumulum
1026 3527 1148 3588 adiecit.

302 3656 475 3800 ⁵⁷)phlltl1
488 3674 631 3711 recensum
645 3659 763 3729 praebet
778 3657 927 3730 Schweigh.
943 3656 1013 3712 ibid.
1027 3676 1055 3732 p.
1069 3658 1178 3714 xxvtt.
1251 3653 1298 3727 58)
