2744 5182
444 708 739 774 οευτοτωευε.
1044 682 1131 773 503

55 867 115 953 τήν
147 860 251 949 κοινὴν
276 855 435 924 πόλιτείαν
461 861 678 944 πεποιημένοι,
710 856 896 946 sulpureus
922 884 955 927 τε
982 862 1038 928 καί
1054 863 1131 951 πρὸς

57 962 239 1034 τούναντίον
259 961 316 1062 τῆς
333 957 444 1044 χρείας
461 961 651 1041 μετέβαλον·
684 954 726 1034 ὥς
746 956 806 1042 γάρ
829 958 858 1023 οἱ
878 962 1031 1045 ἐμπορίας
1047 964 1132 1042 „753

57 1059 299 1151 προεστηκότες,
327 1056 383 1132 τοὶς
413 1054 514 1143 άρχύς
539 1056 651 1148 ὠνίους
679 1054 826 1121 ἐποίουν·
860 1062 919 1123 καί
940 1053 981 1143 ἢν
1002 1063 1079 1127 ἰδεῖν
1098 1063 1133 1126 ἑν

23 1193 30 1210 ·
58 1164 164 1251 ἀρχῆς
184 1158 324 1244 σχήματι
344 1158 594 1241 πιπρασκομένας
613 1153 672 1230 τάς
690 1151 794 1231 πόλεις
806 1165 870 1232 τοῖς
886 1158 1035 1241 χρήματα
1058 1162 1133 1249 δού-

40 1273 115 1337 5ναι
140 1259 196 1325 καί
225 1264 334 1340 λαβεῖν
359 1251 539 1340 ἐγνωκόσιν,
572 1255 614 1318 ού
639 1264 707 1331 τοῖς
744 1249 784 1319 ed
809 1264 909 1321 ποιεῖν
938 1258 1134 1339 δυναμένοις.
1144 1266 1148 1282 ”

59 1361 227 1446 τοιγαροῦν
246 1352 313 1439 ἅμα
333 1380 367 1422 τε
383 1361 453 1428 ταῖς
470 1350 595 1419 πόλεσιν
619 1349 811 1440 ἐπεδήμουν,
829 1354 890 1449 ,καί
916 1355 968 1441 ἐφ’
987 1346 1012 1445 ᾧ
1032 1356 1135 1438 παρῆ-

60 1483 123 1526 σαν
151 1453 346 1544 ἐτράπετο,
376 1456 432 1518 καί
461 1455 514 1537 τῆς
538 1455 851 1542 κοινῆςησυμφορᾶς
868 1451 898 1518 οἱ
918 1455 981 1519 τοῖν
1008 1447 1149 1540 άνθριό-’

62 1582 131 1623 πων
150 1551 294 1642 ἡγεμόνες
316 1549 497 1622 ἐπλούτουν.

146 1654 198 1738 ιβ.
234 1653 285 1731 Ἐξ
319 1641 370 1717 ού
387 1653 423 1717 δὲ
450 1652 525 1736 ἡμῖν
551 1649 609 1728 τάς
636 1648 743 1728 πόλεις
770 1647 893 1736 άνίχεις
921 1655 964 1743 τῷ
984 1654 1115 1737 νεύματι
1123 1678 1151 1735 ,·

16 1751 199 1838 ,ηοέγνωμεν
228 1749 273 1826 ιύς
298 1748 315 1818 ύ
344 1754 408 1816 τῶν
434 1748 602 1837 χρημάτων
629 1743 784 1835 ἄπληστος
802 1749 900 1836 ἔρως,
923 1748 939 1816 δ
970 1751 1028 1838 την
1048 1755 1137 1838 δίκην

63 1855 221 1936 α’πείργων
240 1854 316 1936 παρ’
336 1849 513 1936 ἀνθρώποις
533 1851 775 1932 ἐνδιαιτᾶσθαι,
804 1851 846 1914 ού
862 1851 966 1917 πάντα
985 1854 1073 1941 νικηῖν
1094 1848 1139 1927 τός

63 1950 163 2017 ἔοικεν
181 1944 272 2032 εἶχεν,
296 1947 375 2013 oillei
396 1947 456 2035 γάρ
476 1971 552 2012 ποτε
572 1949 627 2011 καί
646 1946 832 2033 παραδόξως
852 1945 1017 2034 ἡττᾶσθαι.
1038 1955 1139 2015 καίτοι

64 2048 118 2115 διά
138 2053 247 2113 τοῦτον
266 2047 370 2131 πατὴρ
392 2050 451 2129 μὲν
469 2047 641 2129 προδίδωσι
662 2051 782 2131 παῖδα,
800 2043 929 2132 γύναιον
951 2052 986 2114 δὲ
1005 2047 1060 2114 τόν
1081 2042 1153 2113 du·

63 2151 142 2234 δρα,
173 2150 230 2211 κατ’
246 2144 285 2212 τά
306 2151 378 2232 γένη
398 2151 464 2212 κατ’
482 2142 624 2232 άλλήλων
645 2141 815 2226 όπλίζεται.
856 2151 915 2213 σοῦ
935 2151 971 2214 δὲ
991 2156 1154 2234 παρακα·’

24 2251 203 2332 η5θημένου
223 2249 269 2334 τῷ
286 2245 428 2328 βήματι,
448 2244 509 2332 πρό
529 2250 588 2327 μὲν
609 2248 671 2310 τῶν
691 2240 867 2330 ὀφθαλμῶν
888 2241 910 2330 ἦ
930 2245 1010 2331 δίκη.
1030 2241 1156 2333 ιόσπερ
1213 2243 1216 2247 ’

62 2349 99 2412 δὲ
118 2341 234 2430 ταύτης
254 2340 375 2429 δρώσης
400 2346 548 2425 μέλλουσι
569 2345 728 2418 δικασταῖς
756 2345 918 2430 ἒπιῳίρεις
937 2341 993 2426 τῆν
1009 2349 1136 2432 ψῆφον·

61 2448 119 2510 καί
138 2440 200 2511 εἷλε
221 2446 281 2509 σού
300 2468 349 2518 τις
367 2441 423 2527 τὴν
443 2441 569 2526 γνιόμην
589 2442 628 2505 ού
651 2440 774 2526 χρυσόν
792 2437 1049 2528 προτεινόμενος,
1069 2442 1136 2506 ἀλλ’

62 2543 159 2632 άρετῇ
186 2546 346 2624 πλουτῶν,
378 2541 432 2606 καί
460 2537 664 2622 μεταβάλλειν
694 2535 880 2624 ἀνθρώπους
914 2542 959 2617 εἷς
988 2534 1155 2621 ἐύδαιμο«’

62 2646 136 2708 νίαν
162 2637 263 2717 εἰδούς.
308 2636 324 2704 ό
355 2643 391 2705 δὲ
420 2638 625 2725 Λύσανδρος,
656 2641 687 2705 εἰ
710 2639 763 2703 καί
783 2638 979 2725 Σπαρτιάτης
999 2632 1056 2723 ἦν,
1084 2639 1141 2701 καί

23 2738 180 2822 ,οσεμνόν
199 2737 328 2826 ἐφρόνει
350 2737 402 2803 διὰ
422 2736 460 2802 τά
482 2735 589 2823 πριόην
610 2736 831 2822 adtumulata,
853 2738 932 2804 ἀλλά
954 2747 1017 2812 τοῖς
1038 2733 1139 2822 ἔργοις

63 2838 120 2905 τόν
132 2834 333 2924 Σπαρτιάτην
347 2834 515 2919 ἐψεύδετο·
539 2835 597 2920 την
616 2836 675 2922 γάρ
698 2839 761 2903 τῶν
781 2833 944 2923 εἰργόντων
964 2837 1086 2919 αἳρεσιν
1099 2828 1137 2898 ού

64 2935 282 3026 προσηκόντως
314 2934 498 3017 ποιούμενος
534 2935 633 3024 φόνου
659 2941 714 3002 καί
743 2942 884 3023 ταραχῆς
915 2934 951 3001 τό
982 2938 1044 3012 τιύν
1070 2922 1138 3009 Ἑλὲ

135 3073 159 3126 η.
180 3057 229 3107 καὶ
252 3044 301 3108 διό
319 3055 368 3120 τῆς
385 3056 455 3108 eoui.
475 3055 508 3108 N.
584 3058 623 3109 ιδ,
650 3052 699 3107 διδ
725 3059 828 3108 τοῦτον
851 3055 976 3118 villole,
1004 3049 1053 3107 διά
1076 3051 1143 3108 τού-

98 3127 100 3130 ’
134 3144 192 3180 των
211 3125 269 3178 eod⁴
361 3126 399 3178 15.
418 3124 521 3196 (idpsum
540 3124 618 3190 eod,
639 3144 769 3198 suprascr.
789 3125 823 3176 al.
843 3141 913 3175 man.
929 3129 953 3194 p.
1148 3122 1157 3141 ”

65 3268 127 3316 tura
152 3260 255 3314 efficere
273 3279 328 3313 uon
345 3257 505 3330 potest‚‘id
522 3262 610 3314 lacere
631 3270 744 3314 conatur
770 3259 924 3344 prudentia.
959 3259 1034 3313 llaec
1060 3257 1143 3326 igitur
1220 3275 1224 3278 ·

64 3332 102 3383 ab
117 3333 198 3384 initio
214 3331 284 3384 bene
304 3333 450 3382 constituta
471 3335 556 3401 spurii
575 3333 685 3403 quidam
704 3333 826 3383 homines
847 3339 875 3382 et
892 3330 926 3380 ad
937 3330 1035 3398 regiam
1054 3327 1145 3396 ‹ligni-

64 3410 150 3457 tatem
171 3409 278 3471 praeter
296 3402 338 3452 ius
357 3405 454 3463 evecti,
470 3403 573 3454 lucrum
592 3405 725 3470 privatum
744 3417 800 3453 ere
819 3399 1047 3471 publicaimperii
1059 3413 1144 3469 quae·

66 3480 172 3536 rentes,
187 3477 385 3540 perverterunt,
394 3482 428 3539 ‘et
441 3474 521 3524 utilia
541 3474 669 3524 damnosa
688 3472 818 3523 lecerunt
840 3473 981 3544 Tanquam
1001 3472 1073 3522 enlm
1093 3482 1144 3519 ue·

65 3545 202 3615 gotiantes
224 3540 380 3593 vendebant
397 3545 581 3611 magistratus,
615 3552 642 3595 et
664 3543 756 3594 videre
775 3549 882 3609 poteras
901 3541 953 3593 sub
974 3543 1143 3610 magistratus

65 3613 151 3667 titulo
177 3611 258 3662 vendi
288 3613 439 3679 provincias
465 3613 515 3675 iis,
540 3613 588 3683 qui
610 3616 738 3681 pecunias
756 3613 820 3664 dare
839 3620 867 3664 et
884 3613 1005 3680 accipere
1026 3610 1144 3678 vellent,

65 3701 124 3736 non
144 3682 190 3751 qui
216 3690 288 3733 recte
305 3697 384 3748 agere
402 3683 508 3735 scirent.
545 3683 718 3753 Quapropter
737 3684 901 3753 simulatque
923 3682 953 3730 in
978 3680 1162 3750 provinciam·

67 3754 225 3811 venissent,
244 3751 273 3802 id
292 3751 410 3820 agebant
429 3755 506 3805 euius
525 3756 564 3806 rei
582 3770 661 3805 causa
683 3752 805 3816 aderant,
824 3761 852 3805 et
871 3769 885 3805 e
904 3751 1016 3821 publiea
1033 3749 1145 3802 calami·
1245 3804 1252 3820 ρ,

68 3831 127 3876 sate
144 3821 314 3890 magistratus
331 3821 573 3891 locupletabantur.

144 3909 182 3945 ra.
218 3891 273 3943 Sed
291 3904 324 3947 ex
363 3908 398 3942 uo
418 3902 447 3945 tu
464 3895 587 3947 civitates
606 3892 686 3945 uobis
706 3900 776 3944 nutu
797 3899 944 3954 sustentas,
964 3889 1145 3957 eognovimus,

68 3961 228 4017 divitiarum
244 3910 430 4013 insatiagiten
449 3979 582 4026 umorem,
612 3967 660 4034 qui
678 3964 811 4016 iustitiam
830 3962 904 4031 apud
923 3961 1046 4011 homines
1066 3956 1161 4008 habi:
1180 4002 1184 4013 ,

69 4041 204 4086 uranon
228 4032 304 4094 sinit,
320 4047 376 4082 nou
396 4035 497 4094 omnia,
514 4042 545 4085 ut
560 4033 713 4097 ridebatur,
731 4036 851 4094 vincere,
874 4034 928 4082 imo
955 4045 1017 4081 vero
1039 4033 1147 4097 praeter

71 4100 302 4173 exspectationem
321 4117 382 4154 eum
399 4102 547 4172 aliquando
567 4107 697 4172 superari.
722 4105 756 4156 Et
774 4111 863 4154 tamen
881 4108 992 4169 propter
1010 4098 1082 4149 hune
1098 4110 1147 4165 pa-

68 4182 114 4228 ter
130 4172 217 4223 lilium
235 4170 341 4240 prodit,
365 4175 556 4236 merirum,
582 4182 610 4226 et
627 4186 719 4244 gentes
736 4175 851 4225 invicem
869 4187 940 4223 arma
959 4171 1077 4236 capiunt.
1104 4166 1147 4217 Tu

69 4259 135 4298 vero
154 4257 214 4292 erun
233 4242 335 4294 assides
354 4241 496 4305 tribunali,
513 4252 575 4298 ante
594 4246 686 4296 oeulos
703 4251 824 4296 versatur
840 4240 957 4300 iustitie,
973 4246 1000 4289 et
1019 4245 1148 4305 tanquam

71 4332 105 4367 οι
122 4318 269 4374 cernente,
289 4312 391 4364 iudices
410 4311 440 4363 in
459 4315 583 4383 suffragia
602 4318 697 4371 mittis.
716 4315 805 4382 Atque
823 4320 897 4364 tuum
913 4307 1074 4361 seutentiam
1094 4304 1150 4357 sibi

71 4383 203 4437 conciliat
232 4398 288 4431 non
315 4383 361 4451 qul
377 4398 475 4436 aurum
494 4388 606 4448 offerat,
640 4384 688 4435 sed
706 4385 804 4436 virtute
824 4380 918 4443 dives,
947 4380 995 4450 qui
1024 4376 1149 4428 homines

72 4455 168 4507 felices
191 4450 305 4504 reddere
321 4452 435 4505 noverit
471 4453 609 4521 Lysander
628 4471 709 4515 vero,
736 4453 802 4504 licet
817 4451 1022 4520 Spartanus,‘et
1037 4453 1150 4514 propter

71 4540 116 4581 res
142 4523 261 4580 lelieiter
284 4530 370 4592 gestu
401 4523 492 4578 animo
510 4525 617 4593 elatus,
645 4525 723 4578 factis
748 4524 912 4594 Spartanum
936 4517 1066 4574 mentitus
1090 4520 1168 4570 asts*
