2774 5122
381 582 650 652 nrmmnnm
678 587 886 654 armonia,
1099 566 1188 672 διδ

96 730 179 801 ἄλλά
201 737 259 801 καί
277 736 341 804 τιὸν
362 739 631 821 σπουδαζομένων
650 731 721 806 odra
742 742 993 830 ἀποτεύξεσθαι,
1014 739 1090 836 (οἶα
1109 750 1332 833 perdtus&

95 837 255 921 τοσαύτην
274 840 363 922 νίιιην
383 840 506 922 πράους
530 864 567 904 τε
587 838 643 904 καί
661 838 765 926 πάσης
793 838 972 922 αὐθαδείας
992 833 1256 959 οἲπηλλαγμέ-ῙΤΨβ)ι
1270 841 1298 889 ¹³

30 938 32 942 ⁴
96 961 172 1014 νοος
190 940 249 1002 τού
264 933 440 1019 Ῥωμαίων
467 941 624 1019 βασιλέως
643 940 899 1023 ἐπικομιζόμενοι
925 944 1128 1030 λύγους-καί
1148 951 1192 1028 οὸς
1224 923 1234 956 ¹
1256 912 1320 966 Μ

96 1038 136 1103 ού
155 1037 254 1118 μόνον
281 1028 359 1122 ἄχρι
381 1031 531 1122 ῥημάτων
552 1033 638 1127 αύτῷ
658 1037 693 1104 τὸ
718 1037 966 1128 φιλάνθρωπον,
988 1051 1107 1127 μᾶλλον
1130 1055 1191 1132 μὲν

68 1131 150 1205 5οίν
176 1136 279 1222 ἔργοις
304 1138 577 1219 ἐπιδεικνυμένου,
606 1140 651 1228 τῷ
674 1137 847 1217 τοσούτους
881 1144 1095 1228 δοριαλώτους
1122 1160 1191 1227 τοῖς

92 1239 242 1321 Πέρσαις
283 1231 406 1313 αύτούς
433 1238 686 1322 ἐπαναγαγεῖν,)
714 1241 837 1306 τούτων
867 1243 1055 1324 ἐλπιζόντων
1073 1272 1108 1331 γε
1130 1251 1190 1314 ου’-ι

89 1340 155 1402 τῶν
175 1340 313 1422 κυρῆσαι
324 1332 563 1422 άναμφιβύλως,
579 1341 613 1414 ἐς
632 1333 815 1412 τούνανείον
836 1345 949 1428 ξυνέβη
972 1339 1067 1412 ἅπαν.
1101 1351 1213 1434 need-‘v

89 1460 146 1501 τον
186 1439 245 1517 μὲν
276 1434 338 1520 γάρ
376 1434 455 1500 κατά
491 1441 590 1517 μέσον
620 1441 675 1523 τῆς
708 1438 894 1524 ὁδοιπορίας
922 1445 986 1510 τοὸν
1021 1469 1070 1521 τις
1098 1444 1187 1531 παρά

90 1539 237 1622 Πέρσαις
258 1543 323 1612 τοῖς
355 1541 531 1619 βασιλικοῖς
559 1561 594 1603 τε
623 1542 679 1604 καί
713 1541 877 1623 δημοσίοις
903 1543 1088 1627 πράγμασιν
1115 1547 1188 1624 ἐξαό

47 1633 327 1722 Ιιοιιηρετοομένων
362 1635 377 1721 ί
386 1630 463 1718 ode,
500 1634 535 1702 εἴ
563 1662 613 1714 τις
640 1642 679 1727 τῇ
711 1641 860 1705 Λατίνων
887 1644 1040 1727 χρήσοιτο
1071 1649 1185 1734 φωνῇ,

88 1738 261 1821 α’σηκρῆτίς
280 1731 641 1825 τεπροοαγορεύσειεν,)
665 1737 864 1816 ὑπαντιάσας
884 1733 978 1825 ἤρετο
1008 1748 1093 1829 σφᾶς
1122 1741 1214 1828 ὁμιρ,
1230 1781 1280 1850 ¹⁶9

85 1833 249 1920 βούλοιντό
269 1860 301 1900 τε
319 1839 375 1899 καί
393 1830 456 1917 ὁ,τι
476 1831 601 1921 ἥκοιεν,
637 1842 694 1903 καί
715 1830 824 1904 ὁποίαν
847 1841 1066 1923 α’ποιιομίζοιεν
1087 1845 1216 1930 άγγε-ν.
1230 1853 1279 1924 ¹¹4

85 1935 171 2002 λίαν.
214 1929 295 1999 ditat
319 1935 419 2023 ταύτην
440 1939 500 2018 μὲν
523 1937 587 2020 οἵγε
609 1939 696 2023 άμφδ
723 1943 896 2026 Ζαχαρίαν
918 1966 953 2006 τε
982 1942 1038 2007 καί
1058 1941 1185 2012 (eadee-

87 2060 143 2122 ρον
163 2025 227 2100 ὧδε
249 2029 480 2120 οἷπεαρίναντο,Ι
512 2036 557 2113 oie
578 2034 618 2102 τά
648 2035 757 2103 τοιάδε
778 2042 823 2128 τῷ
843 2038 932 2127 παρὰ
954 2044 1101 2127 Πέρσαις
1120 2071 1186 2127 μα-

46 2135 203 2224 ιδγίστρηι
224 2132 326 2212 (καθά
349 2140 465 2199 τοῦτον
492 2139 624 2201 καλοῦσι
650 2136 834 2226 (Ρωμαῖοι)
864 2140 999 2224 ῥητέον,
1031 2147 1088 2208 καί
1108 2143 1185 2227 adp*

85 2236 186 2323 αύτῷ.
216 2236 320 2297 ταύτα
342 2231 483 2311 εἰπόντες
503 2233 624 2317 εἴχοντο
645 2240 703 2320 τῆς
725 2234 811 2300 ὁδού.
827 2237 860 2315 ἐξ
880 2237 1000 2302 ἐκείνου
1022 2231 1096 2324 ἧκεν
1114 2240 1199 2307 ἓτειί

84 2332 140 2421 ρός
167 2357 216 2409 τις
243 2337 279 2399 ἐκ
307 2337 471 2418 Περσῶν,
500 2328 536 2411 ὁς
570 2331 675 2417 ἔτριβε
696 2332 755 2418 τὴν
783 2334 969 2422 ὁδοιπορίαν
997 2338 1107 2417 αύτοῖς
1127 2344 1183 2407 καί

83 2437 265 2517 διαμέλλειν
290 2436 408 2516 ἐποίει,
428 2435 634 2518 βραδυτῆτος
660 2433 826 2517 χριόμενος
846 2434 1017 2518 ἐπινοίαις,
1043 2439 1125 2503 ίύναι
1145 2463 1181 2504 τι

84 2536 118 2608 ἐς
136 2530 176 2598 τά
196 2530 304 2617 πρύσω
325 2529 370 2616 μῆ
395 2535 581 2618 συγχωρῶν.
611 2535 766 2614 σταθμοῖς
793 2545 827 2597 τε
858 2530 918 2618 γὰρ
947 2540 1181 2624 πλησιαιτέροις

41 2636 140 2697 δοκοί
159 2627 378 2716 παρασάγγαις
400 2630 515 2715 ὀλίγοις
537 2632 669 2717 ἐχρῆτο,
702 2624 821 2697 ἄλλοτε
840 2626 957 2710 ἄλλους
974 2630 1102 2722 χοίρους
1121 2661 1180 2702 πε·
1271 2675 1272 2682 1

83 2734 226 2817 ριφὲριον
245 2754 281 2795 τε
303 2733 361 2796 καί
387 2730 595 2812 άποαλανοὸν,
624 2732 683 2795 κάκ
712 2727 824 2795 τούτου
855 2731 896 2796 τὰ
916 2730 1048 2811 κάκιστά
1078 2740 1202 2823 σφισιΒ

82 2834 285 2916 προεδήλου,
314 2827 371 2894 καί
389 2831 511 2895 ἐδεύινυ
540 2834 579 2920 τῇ
600 2831 676 2916 περὶ
704 2829 761 2914 τὴν
788 2827 971 2919 ὁδοιπορίαν
1000 2833 1101 2923 πλάνη
1123 2835 1181 2901 od-

48 2928 61 2996 ί
79 2934 137 3011 δέν
159 2957 192 2996 τι
223 2924 461 3017 φιλοφροσύνης
489 2927 642 3015 ἐχόμενον
677 2921 697 3016 ἢ
727 2935 782 3015 τῆς
820 2929 1038 3019 προσηκούσης
1067 2937 1180 3015 αἰδοῦς

79 3033 261 3119 πρέσβεσιν.
284 3021 322 3115 ἦν
344 3033 379 3096 δὲ
407 3028 445 3096 τὸ
467 3030 682 3118 πραττόμενον
709 3032 743 3109 ἑξ
763 3033 931 3116 ἐπιβουλῆς
949 3055 983 3097 τι
1009 3031 1066 3097 καί
1083 3037 1178 3115 μελέ-

154 3151 176 3187 ι.
198 3130 318 3191 οδδενδς
335 3135 407 3185 coni.
427 3132 459 3185 N.
534 3150 572 3189 ιι.
592 3148 621 3185 τε
640 3132 694 3186 δελ
713 3131 746 3183 N.
809 3150 853 3187 ar.
872 3130 996 3185 κάκιστά
1016 3146 1105 3205 σφισι
1125 3137 1177 3203 Η.,

120 3237 126 3270 ;
151 3205 262 3256 ιιάιιικα
283 3208 369 3276 πρίσι
386 3203 446 3256 cod.

78 3295 167 3347 lentia
186 3298 314 3345 remotos.
358 3289 456 3362 Neque
475 3302 539 3341 vero
564 3290 652 3341 tolum
674 3306 704 3342 ιε
721 3288 812 3341 verbis
842 3302 944 3342 eomem
970 3297 999 3341 et
1022 3282 1192 3357 benignum*

77 3362 232 3435 praebebat
250 3364 417 3432 Imperator,
435 3377 527 3413 verum
546 3360 627 3412 etiam
654 3377 683 3412 re
703 3361 773 3429 ipra,
791 3377 852 3411 curn
875 3369 917 3412 tot
941 3363 1062 3429 captivos
1086 3363 1175 3420 Periit

76 3437 247 3489 restitueret.
283 3436 318 3486 Et
336 3450 370 3485 ex
388 3450 420 3485 eo
438 3432 576 3502 putabant
593 3432 667 3494 fore,
696 3440 727 3484 ut
750 3449 822 3502 quae
840 3431 1002 3500 aperabant,
1025 3434 1085 3486 sine
1104 3452 1172 3488 con-

76 3505 212 3558 troversia
236 3512 477 3576 consequerentur.
526 3501 579 3554 Sed
607 3502 731 3553 universa
763 3518 805 3552 ree
835 3503 864 3554 in
891 3505 1055 3554 contrarium
1082 3509 1172 3560 vertit.

77 3579 196 3630 Primum
216 3577 291 3628 enim
310 3593 381 3626 unna
399 3592 433 3626 ex
451 3574 509 3636 hia,
528 3574 576 3645 qui
592 3574 650 3640 regi
669 3572 698 3623 in
717 3573 834 3641 negotiis
855 3581 882 3625 et
901 3575 982 3641 regiir
1006 3583 1035 3626 et
1053 3577 1173 3643 publici}

77 3649 264 3701 ministerium
288 3646 442 3715 praebent,
461 3661 529 3716 quoa
557 3642 650 3694 Latini
678 3660 694 3695 a
721 3645 834 3695 recretis
860 3653 976 3706 vocant,
1006 3646 1118 3700 obvium
1142 3666 1173 3702 aa
1266 3686 1277 3703 ,

76 3718 171 3771 media
198 3719 243 3768 via
271 3717 367 3785 legatit
389 3716 478 3778 tulit,
512 3720 540 3765 et
566 3729 612 3764 eos
642 3722 684 3766 eat
705 3723 935 3784 percunctatur„
956 3716 1024 3785 qnid
1050 3719 1171 3782 vellent,

77 3806 132 3863 qua
156 3790 191 3842 de
210 3804 290 3840 cauea
310 3787 452 3848 venirent,
473 3792 501 3836 et
527 3783 594 3855 quid
613 3785 706 3835 nuntii
734 3785 882 3836 adferrent.
929 3785 1000 3836 Huic
1026 3787 1170 3840 Zacharias

75 3871 106 3913 et
123 3860 287 3912 Theodorus
312 3855 530 3925 responderunt,
558 3855 587 3906 id
605 3871 660 3907 non
678 3854 737 3917 illi,
755 3855 804 3906 aed
823 3854 950 3923 magistro
977 3860 1029 3923 (nt
1048 3857 1172 3928 loquun-

74 3938 122 3982 tur
143 3931 270 3999 Romani)
290 3926 446 3981 dicendum.
483 3925 557 3978 Haec
575 3925 623 3977 ubi
643 3925 779 3987 dixerant,
796 3925 865 3977 viam
886 3935 1072 3994 perrexerunt
1108 3929 1171 3983 Post

73 4001 151 4054 hunc
173 4001 244 4052 aliua
271 4014 383 4070 quoque
409 4014 442 4049 ex
460 3997 545 4048 Peraia
567 3997 666 4057 venit,
693 3996 741 4066 qui
768 3995 1018 4065 peregrinationem
1037 3998 1093 4048 illia
1116 3999 1170 4050 im·

73 4070 231 4144 pediebat:
252 4069 358 4122 tardius
378 4069 452 4118 enim
466 4066 500 4116 de
522 4065 657 4117 industria
676 4066 841 4126 incedebat,
867 4073 894 4116 et
919 4082 965 4117 eoa
985 4069 1106 4118 cunctari
1126 4070 1168 4121 sa-

73 4141 186 4204 ciebat,
208 4156 299 4212 neque
318 4139 433 4191 ulterius
452 4136 578 4207 progredi
607 4137 735 4200 sinebat,
760 4139 902 4205 propiores
923 4135 1055 4187 stationes
1079 4140 1167 4207 elige·

72 4214 126 4264 bat
149 4220 178 4265 et
200 4228 298 4282 paucae
317 4225 479 4280 parasangas
499 4206 679 4269 conficiebat,
704 4215 783 4258 etex
805 4206 866 4256 aliia
888 4206 954 4258 locia
975 4204 1004 4255 in
1032 4209 1086 4259 alia
1111 4211 1170 4264 loca

73 4282 131 4335 huc
150 4284 217 4334 illuc
237 4290 359 4335 errantes
378 4288 406 4332 et
426 4279 551 4347 palantes
569 4276 746 4328 traducebat:
767 4283 796 4327 et
814 4277 840 4325 in
860 4290 892 4327 eo
909 4291 937 4325 se
956 4274 1013 4327 illia
1032 4278 1103 4329 male
1120 4296 1171 4332 cu-

73 4370 143 4424 pere
164 4353 228 4406 aatia
248 4351 396 4404 indicabat.
431 4351 540 4400 Etenim
561 4362 606 4398 eoa
621 4347 699 4398 nulia
718 4345 890 4397 humanitate
906 4345 1027 4408 colebat,
1047 4353 1168 4405 etnnila

72 4423 171 4480 habita
189 4425 297 4477 ratione
314 4422 517 4479 observantiae,
541 4432 612 4489 quae
632 4417 729 4486 legatia
750 4415 884 4477 debetur,
904 4415 1009 4467 viarum
1029 4421 1168 4473 erroribua

72 4495 218 4568 fatigabat
255 4495 291 4550 Et
311 4491 342 4546 id
364 4491 477 4564 quidem
495 4490 592 4546 Petrae
616 4487 680 4543 data
697 4502 782 4559 opera
806 4494 835 4540 et
858 4484 1058 4557 praemeditato
1077 4492 1168 4547 conai-
