2774 5122
362 616 388 678 n
420 560 632 680 lunanum
661 573 868 682 maroam.
1056 591 1141 708 379

72 765 130 834 e'de
150 764 309 850 aisperde,
339 765 395 832 καί
421 767 461 831 οὐ·
486 758 689 855 σφόδρατῆς
708 774 765 834 τοῦ
784 769 1009 859 αὐτοκράτορος
1029 775 1282 856 maxa-anast

71 866 202 949 ζόμενος
217 865 360 949 γνώμης,
382 863 578 949 ἀβουλότατα
600 863 808 951 διεπράξατο·
839 865 956 934 ἔστειλε
976 869 1038 957 γάρ
1059 848 1272 972 “allili‘slussr

66 960 244 1043 Σοοάνοος,
264 960 318 1029 τόν
330 967 422 1050 σφῶν
442 965 576 1047 βασιλέα
593 961 784 1048 βουλόμενος
806 962 1038 1050 δεξιώσασθαι,
1060 971 1146 1033 θελε-

66 1062 201 1136 άσαντος
223 1053 280 1127 οὖν
300 1060 400 1126 αάτὸν
419 1064 453 1138 ἐς
472 1066 562 1127 τοῦτο
584 1064 717 1139 άτοπίος
738 1066 842 1129 ἐλθεῖν
862 1066 966 1130 arisati
986 1063 1144 1152 Χοσρόοα,

45 1158 239 1244 5ἐσκηπτετο
262 1160 296 1223 δὲ
315 1156 349 1224 τά
369 1158 492 1226 τοιόνδε
512 1160 567 1224 καί
585 1163 789 1247 ἐμηχανᾶτο,
811 1158 896 1239 ὅπως
910 1160 1013 1230 iuuari
1032 1188 1068 1249 ys
1087 1160 1147 1230 οὔ·

63 1264 110 1349 τῷ
129 1263 163 1336 ἐς
183 1261 396 1342 θικαιολογιοιν
415 1257 509 1340 τινά,
529 1259 573 1336 oie
595 1262 690 1325 ον’τοί
708 1259 857 1343 Σονάνοι,
889 1265 991 1328 καίτοι
1010 1287 1148 1350 προτραι

62 1362 191 1439 πάντες,
214 1357 271 1422 oris
299 1356 457 1442 άνάσχετα
479 1361 642 1426 ποιοῦνται
660 1359 840 1442 Ῥωμαίοις
859 1361 1039 1428 ὑπακούειν.
1080 1365 1151 1448 ἑξη-

62 1460 197 1523 πίστατο
226 1457 286 1544 γάρ
325 1451 380 1521 ὅτι
411 1447 469 1520 σάν
505 1449 628 1542 άνησαν
663 1457 693 1523 οἱ
713 1458 793 1545 πράς
812 1457 957 1527 Ἰωάννου
979 1463 1151 1536 σταλέντες.

62 1553 142 1636 μετά
175 1558 277 1620 ταῦτα
302 1553 502 1640 ἕπηγγειλατο
534 1556 684 1644 Χοσρόης
716 1560 854 1624 στέλλειν
883 1558 1074 1646 πρεσβευτήν
1103 1556 1172 1636 triac

26 1658 201 1738 ισβασιλέα
228 1653 414 1737 ‘Propertium
443 1653 617 1721 edormire
640 1651 764 1722 ἅπαντα
786 1659 935 1728 ἐνδέοιτο
954 1658 1152 1744 καταστησά-

64 1776 183 1838 μενον·
205 1750 262 1816 eui
280 1747 442 1831 άνὲζενξεν
462 1749 603 1838 Ἰωάννης
623 1755 655 1831 ἐς
672 1751 708 1818 τά
732 1754 918 1834 Βυζάντιον.

148 1850 185 1926 ς’.
219 1845 286 1916 Ὅτι
304 1854 465 1929 Ἰσοστῖνος
486 1852 503 1916 ὅ
522 1849 672 1935 βασιλεάς
694 1851 764 1917 ἐπεί
781 1852 926 1936 ἐπίθετο,
947 1851 991 1931 σάς
1010 1856 1044 1921 ἕν
1062 1859 1144 1922 Σον-
1156 1849 1225 1903 Μ’·
1237 1848 1289 1907 55⁶
1337 1870 1342 1879 '

65 1951 138 2038 ανίρ
158 1948 207 2035 εἴη
228 1954 375 2032 πέμψας,
395 1950 450 2015 καί
468 1944 519 2015 ὅτι
539 1959 604 2026 τοῖς
620 1947 792 2034 Ῥωμαίων
812 1953 850 2016 οὐ
865 1957 1055 2039 προσέθεντο
1065 1958 1147 2020 Σου-
1155 1921 1280 2045 ῗῶἀρὶζὲ,

64 2047 149 2132 άνοι,
179 2051 406 2132 ἐχαλέπαινεν,
437 2044 489 2117 οἷα
518 2049 613 2127 εἰκάς.
655 2050 710 2115 καί
734 2057 993 2137 παραπρεσβείας
1013 2055 1150 2139 ἐκρίνετο

25 2148 225 2234 ιὸἸοοάννης,
247 2144 303 2213 άτε
325 2148 362 2213 od
384 2146 462 2235 πρὸς
481 2146 515 2214 τά
536 2158 681 2215 συνοῖσον
701 2152 741 2238 τῇ
769 2149 908 2239 πολιτείᾳ
935 2143 1152 2236 διαπραξάμε-

64 2270 127 2322 νος.
168 2247 244 2311 aisa
262 2244 323 2331 γάρ
343 2250 465 2332 χρῆναι
485 2241 580 2313 αὐτὸν
601 2247 719 2335 ἔφασκε
741 2254 885 2328 στεῖλαι,
908 2246 969 2330 εἴγε
989 2248 1034 2331 μή
1057 2254 1150 2316 τοῦτο

64 2343 285 2410 ἐνεκελεύσατο
306 2342 323 2408 ὅ
343 2343 504 2428 βασιλεύς·
532 2341 591 2410 κάκ
611 2346 724 2411 τούτου
745 2348 856 2410 δοῦναι
876 2346 1039 2433 πρόφασιν
1060 2350 1151 2432 Πέρ-

65 2468 138 2520 σαις
157 2441 193 2508 τά
216 2445 356 2528 α’δάιημα
377 2439 567 2526 ξυσκιάζειν,
582 2443 636 2508 καί
659 2444 828 2529 προφέρειν
848 2440 969 2527 λόγους,
990 2445 1033 2520 οἷς
1053 2446 1175 2511 adtolli

67 2541 204 2613 Σονάνσι
236 2542 432 2632 άπηνὴναντο
463 2541 502 2607 τά
527 2542 708 2625 Ῥωμαίων.
749 2543 816 2606 ἀλλ’
836 2536 911 2607 riti
931 2547 965 2607 ἐν
985 2546 1070 2631 α’ρχῇ
1091 2543 1149 2629 τὴν

25 2633 214 2724 ,οτάιαάτην
232 2639 469 2728 προσδέξασθαι
489 2639 669 2728 πρόκλησιν,
690 2634 886 2725 ἢΣοοάκοος
900 2645 1149 2727 προτρέψασθαι

67 2735 153 2806 εἶναι
171 2737 231 2803 ὑπὸ
248 2737 450 2822 Ῥωμαίους,
472 2735 494 2825 ἢ
515 2737 627 2806 τούτου
648 2764 683 2824 γε
703 2738 1003 2827 ἓνεκαπρεσβεοτην
1029 2741 1065 2806 ἐν
1079 2730 1150 2808 Bir-

65 2840 182 2929 ζαντίιρ
212 2841 372 2924 γενέσθαι.
414 2842 578 2928 οάιλάτερον
605 2840 666 2927 γάρ
696 2839 871 2927 ε’ξάμφοῖν
893 2842 1047 2926 εὐπρεπὲς
1066 2835 1150 2911 εἶναι
1186 2853 1188 2858 ’

135 2977 160 3030 5.
184 2972 280 3028 ίσσιτό
296 2975 369 3038 Vnt,
387 2972 454 3028 ioue
470 2971 502 3029 τά
521 2975 592 3047 vulg.
683 2992 722 3032 ro.
737 2973 768 3030 ἐν
786 2971 881 3031 δέοντι
898 2973 947 3039 IL,
963 2971 1062 3031 eraso
1076 2974 1148 3045 vulg.

135 3063 177 3100 ar.
195 3041 368 3118 πρεσβευτάς
386 3046 457 3115 vulg.

63 3180 157 3235 omnia
176 3181 322 3252 diligenter
342 3181 545 3304 perpenderet,
565 3181 727 3236 habebatur.
764 3181 843 3250 Quae
868 3196 929 3234 eum
957 3182 1073 3232 Ioannes
1098 3196 1148 3232 au-

63 3253 160 3312 disset,
174 3268 264 3324 neque
284 3253 349 3306 sutis
369 3270 384 3304 a

64 3331 117 3384 set,
134 3321 321 3391 imprudenter
339 3323 413 3387 lecit,
433 3332 461 3375 et
481 3322 516 3374 ad
535 3322 638 3373 Suanos
651 3321 735 3382 misit,
759 3321 807 3390 qui
826 3336 915 3389 regem
935 3337 1027 3375 eorum
1047 3320 1150 3372 saluta·

63 3399 128 3445 rent
149 3393 264 3462 eiusque
286 3395 398 3461 gratiam
423 3393 608 3445 conciliarent
646 3393 684 3446 Eu
706 3389 883 3457 absurditatis
909 3407 970 3444 eum
997 3390 1149 3458 pellexerat
1227 3397 1229 3401 ’

63 3463 210 3518 ῦΙισιιοῖιι.
228 3463 283 3531 Qui
305 3463 403 3516 callide
425 3462 478 3515 hoc
496 3470 663 3514 commentus
680 3463 718 3513 ita
735 3462 864 3524 instituit,
883 3469 915 3514 ut
931 3460 1054 3523 haberet,
1073 3460 1150 3532 quod

64 3534 144 3603 qnasi
162 3533 223 3582 iure
245 3549 295 3584 suo
312 3533 425 3594 diceret,
443 3534 545 3586 Suanos
566 3535 639 3600 ipsos
663 3531 786 3601 quamvis
811 3538 918 3600 rogatos
946 3531 1072 3583 Romanis
1101 3549 1150 3600 pa-

63 3618 124 3654 rere
143 3617 287 3654 recusasse.
323 3603 442 3655 Noverat
460 3605 549 3666 enim,
568 3609 700 3672 quantum
718 3603 767 3684 qui
785 3617 800 3651 a
818 3602 920 3654 Ioanne
937 3602 1013 3653 missi
1031 3601 1148 3666 fuerant,

63 3673 213 3725 efficerent
233 3671 290 3724 Nec
309 3675 395 3728 multo
413 3681 475 3742 post
492 3673 624 3725 Chosrotis
641 3673 779 3742 pollicitus
796 3679 847 3734 est,
861 3688 890 3724 se
910 3670 1029 3742 legatum
1049 3671 1083 3722 ad
1096 3674 1151 3723 rso-

62 3758 206 3795 manorum
225 3742 418 3812 Imperatorem
436 3746 580 3795 missurum
598 3759 656 3795 esse
667 3779 676 3806 ,
697 3743 745 3814 qui
768 3740 837 3794 haee
859 3742 953 3796 omnia
975 3747 1151 3812 componeret

65 3819 95 3867 et
115 3827 236 3865 reversus
253 3820 294 3864 est
310 3815 425 3866 Ioannes
442 3815 599 3882 Byzantium

135 3884 160 3935 6.
196 3883 317 3935 Iustinus
336 3886 483 3952 Imperator
501 3883 551 3936 ubi
569 3882 683 3951 accepit,
702 3881 830 3934 ioannem
851 3881 954 3950 legator
973 3880 1003 3931 in
1021 3879 1149 3931 Suaniam

61 3949 185 4014 misisse,
213 3952 316 4005 Suanos
337 3963 428 4006 autem
447 3971 476 4006 se
494 3971 549 4006 non
571 3952 686 4021 imperio
707 3951 887 4003 Romanorum
902 3949 1064 4012 subiecisse,
1090 3966 1149 4018 gre·

62 4022 137 4076 riser
155 4022 323 4093 molesteque
348 4025 414 4075 tulit
440 4030 468 4074 et
492 4024 622 4075 loannem
644 4022 788 4090 legationis
823 4037 880 4073 non
904 4037 939 4072 ex
964 4020 1086 4070 utilitate
1107 4018 1150 4070 rei

62 4090 194 4163 publicae
210 4100 300 4160 gestae
318 4094 517 4147 condemnavit.
553 4094 609 4146 Nec
624 4093 697 4144 enim
714 4108 742 4143 se
762 4091 862 4153 inscio,
886 4096 1007 4143 autnon
1025 4086 1151 4152 iubente,

64 4162 195 4216 debuisse
212 4165 321 4216 mittero
337 4175 365 4218 et
389 4181 422 4216 ex
439 4163 492 4216 hoc
502 4164 669 4215 occasionem
691 4161 776 4213 Persis
793 4158 932 4231 praebere,
943 4162 996 4229 q'ua
1014 4175 1089 4209 srram
1105 4160 1149 4211 in-

65 4231 201 4285 iustitiam
221 4242 368 4304 tegerent,
392 4243 420 4286 et
447 4235 534 4302 palam
558 4231 764 4301 praedicarent,
788 4231 891 4283 Suanos
917 4230 990 4295 ipsos
1013 4228 1149 4280 Romano-

64 4317 127 4367 rum
146 4304 289 4371 imperium
307 4304 478 4358 detrectasse.
522 4303 578 4355 Nec
601 4305 674 4354 enim
702 4302 772 4353 hanc
797 4299 831 4350 ab
856 4299 972 4367 imperio
999 4300 1147 4366 suscepisse

86 4373 251 4434 ruriaciam,
276 4378 308 4425 ut
325 4383 372 4427 aut
390 4374 487 4426 Suanis
506 4372 649 4434 suaderet,
679 4380 710 4422 nt
727 4385 756 4422 sc
780 4370 907 4421 Romanis
925 4365 1084 4429 subderent,
1099 4378 1149 4422 aut

63 4389 149 4498 Euius
168 4444 207 4497 rei
226 4446 309 4514 gratia
331 4446 486 4514 Byzantium
507 4443 610 4516 legatus
632 4442 744 4496 reniret.
780 4437 915 4492 Neutrum
935 4439 1009 4491 enin
1032 4440 1148 4511 Imperio

422 3269 464 3316 ea,
488 3269 558 3323 quae
576 3255 728 3321 Imperator
744 3250 785 3303 illi
804 3259 987 3320 praeceperat,
1014 3248 1149 3302 advertis·
