2782 5100
253 252 332 365 ιηίρ
691 262 901 339 ExOERPTA

101 443 176 501 te.
187 429 352 515 ιιιγάόων
373 418 448 515 ἧκον
467 425 680 512 όνερωτῶντες
690 428 782 492 τίνων
801 434 908 509 τυχεῖν
927 426 1157 504 ἐσπουδακότες
1173 428 1234 514 τὴν
1256 412 1335 519 rips-

97 514 356 653 Theiriiiifflm
383 525 586 609 ποιούμεθα.
630 524 722 611 ἡμῶν
750 527 793 591 δὲ’
812 523 870 610 τήν
895 516 1007 608 ἄλογον
1043 521 1337 609 άποθανμαζόντων

173 622 399 715 Ρ,’5,όροότησιν
435 626 491 692 καί
520 627 554 701 ές
578 620 734 708 ἀλλήλους
765 621 929 710 όροόντων,
957 626 1116 691 διετέλουν
1140 623 1221 714 πρός
1234 621 1334 710 ὄχλου

243 731 300 812 τῆς
322 722 515 812 ἀποκρίσεως
535 725 625 788 ἕνεκα
643 724 821 806 γινόμενοι.
860 719 1010 789 εἰπόντων
1038 727 1084 806 δὲ,
1127 723 1256 814 Ἀπήλρι
1277 725 1337 791 καί

238 827 307 909 ὀύχ
327 820 448 910 ἑτέροις
473 826 573 908 λέγειν
600 825 735 905 βασιλέα
755 815 1075 912 παρακελεύσασθαι,
1111 825 1293 909 χαλεπήνας
1313 823 1358 893 όό

244 923 382 1002 Σκόπας
416 921 604 1009 ἀπεκρίνατο
632 926 692 986 τού
719 925 811 1009 σφῶν
839 923 946 988 αύτιόν
976 923 1151 1008 ἡνωμένον
1172 925 1334 1009 ἐπίταγμα

244 1019 345 1104 εἶναι·
380 1022 425 1089 ὀύ
455 1019 517 1108 γάρ
540 1013 582 1086 όν
612 1023 897 1109 πολυπραγμοσύνῃ
927 1026 1066 1112 σφετέρᾳ
1095 1025 1173 1108 παρ’
1191 1021 1277 1107 ἡμᾶς
1300 1026 1336 1090 έ-

160 1122 433 1210 ιι.35“ληλυθέναι.
474 1116 641 1206 φησόντων
660 1121 697 1186 δὲ
716 1117 761 1204 μὴ
781 1125 888 1186 τούτου
917 1121 972 1186 ἐπὶ
996 1133 1061 1200 τοῖς
1091 1124 1242 1210 πρέσβεσι
1266 1130 1336 1189 νείἢ

240 1227 323 1290 ’σθαι
348 1219 405 1287 τόν
423 1216 520 1303 νόμον
527 1269 538 1302 ,
568 1214 648 1285 τόντε
673 1218 718 1305 μὴ
748 1217 1001 1305 ἐντυγχάνοντας,
1021 1223 1104 1307 μηδὲ
1125 1224 1158 1299 ές
1180 1215 1255 1305 ὅφιν
1277 1223 1336 1308 έρ-

242 1323 397 1407 ’χομένους
417 1322 492 1404 παρ’
513 1312 570 1394 ούς
589 1313 773 1404 ἐστάλησαν,
794 1320 834 1384 δι’
854 1313 1215 1408 ἑτέρωνάνακρίνεσθαι
1234 1313 1382 1387 dvi-1⁰

242 1426 320 1486 ’νεκα
347 1414 591 1504 πρεσβεύοιντο,
608 1415 677 1480 καί
701 1420 792 1483 τούτο
823 1420 905 1503 μηδὲ
926 1414 1044 1499 άύτούς
1064 1422 1184 1505 ιἰγνοεῖν
1203 1416 1335 1499 Σκύθας

93 1557 109 1590 r
215 1515 368 1602 Βθαμινό
390 1514 478 1602 παρά
499 1517 634 1595 βασιλέα
650 1520 937 1602 πρεσβευομένους·
976 1522 1096 1606 χρῆναι
1116 1520 1154 1584 δὲ
1172 1522 1235 1584 τάν
1253 1515 1336 1585 ἴσων

245 1625 374 1703 κυρεῖν,
395 1613 441 1699 μὴ
460 1612 520 1698 γάρ
543 1609 647 1694 ἄλλως
667 1613 707 1679 τά
729 1619 786 1700 τῆς
814 1613 983 1703 πρεσβείαις
1001 1620 1102 1703 ἐρεῖν·
1122 1614 1242 1693 οόςτόν
1256 1616 1337 1684 Ἀτ-

218 1732 220 1736 ‘
243 1710 341 1800 τύλαν
363 1709 553 1794 ἀνέζευξαν,
584 1710 644 1797 καίΙ
659 1706 759 1790 αύθις
778 1715 934 1798 ἐπανῆκον
952 1716 1117 1793 Ἐόέκωνος
1133 1714 1256 1801 χωρίς,
1278 1718 1341 1801 καί

243 1809 377 1895 ἅπαντα,
404 1816 478 1897 περὶ
505 1803 550 1878 ὧν
576 1808 841 1900 όπρεσβευόμεθα,
869 1811 992 1899 ελεγον,
1010 1816 1252 1903 προστάττοντες
1278 1813 1381 1902 riuti

242 1917 394 1997 ’ταχίστην
413 1912 557 1992 άπιέναι,
580 1913 611 1977 εἰ
628 1908 671 1996 μη
687 1914 779 1998 ἕτερα
799 1915 934 2001 φράζειν
953 1914 1102 1997 ἔχοιμεν.
1143 1919 1198 1981 έπί
1217 1917 1252 1981 dd
1266 1925 1336 1994 τοῖς

243 2016 387 2095 λεχθεῖσι
411 2013 504 2076 πλέον
524 2008 572 2075 ἔτι
590 2008 790 2095 α’πορούνιες,
809 2004 863 2099 (ού
881 2009 941 2100 γάρ
962 2005 1004 2100 ἦν
1023 2011 1153 2101 ἐφικτόν
1171 2011 1338 2099 γινοόσκειν

232 2107 331 2187 -όπως
351 2108 466 2196 ἔκδηλα
487 2104 619 2194 ἐγεγόνει
629 2108 670 2173 τά
684 2113 768 2175 θεῶν
779 2107 968 2197 παράβυσον
991 2114 1162 2197 όεόογμένα
1176 2118 1334 2203 βασιλεῖ)

244 2213 421 2297 συμφέρειν
447 2205 614 2294 ἡγούμεθα
640 2209 739 2294 μηδὲν
773 2209 849 2297 περί
873 2213 929 2297 τῆς
964 2217 1132 2297 πρεσβείας
1166 2215 1336 2301 άποκρίνε-

243 2314 340 2391 σθαι,
362 2311 394 2374 εί
416 2305 462 2394 μὴ
480 2311 536 2392 τῆς
562 2303 650 2393 παρά
668 2305 723 2374 τόν
738 2307 895 2394 Ἀττήλοιν
922 2307 1047 2377 είσόόου
1067 2308 1237 2396 τύχοιμεν.
1278 2304 1374 2378 esdra

243 2406 443 2496 όφάσκομεν,
475 2405 608 2474 εἴτε-τύ
641 2407 789 2492 εἰρημένα
816 2417 883 2485 τοῖς
904 2411 1055 2497 Σκύθαις,
1076 2410 1139 2479 εἴτε
1161 2411 1219 2478 καί
1236 2414 1333 2500 ἕτερα

215 2633 225 2647 ⁴
313 2586 338 2622 ι.
357 2562 622 2650 όνερωτῶνντεςῦλ,
641 2563 799 2634 άνεριύντες
816 2566 888 2650 pulg.
939 2570 964 2638 4.
983 2566 1136 2652 γενόμενορ
1150 2570 1223 2640 vulg.
1291 2589 1333 2658 ιη.

244 2660 250 2668 ·
313 2637 357 2692 ἔτι
377 2637 555 2717 όπορουντεε
580 2637 625 2697 n,
642 2635 858 2703 ἐπαπορονντες
873 2637 945 2707 vulg.
1041 2642 1080 2694 r&
1099 2655 1134 2693 ια
1154 2640 1187 2696 ιγ
1202 2645 1333 2714 παραρυ.

315 2722 370 2779 esp
387 2707 420 2759 Ν.
445 2723 496 2778 pro
513 2724 548 2761 τα
566 2706 645 2758 θετόν
661 2704 767 2775 πυρόβ.
1203 2724 1205 2726 ’

243 2829 307 2877 mox
325 2814 509 2875 advenerunt,
527 2817 601 2863 etex
614 2806 695 2861 nobis
710 2808 902 2880 quaesierunt,
918 2828 1034 2881 quarum
1056 2829 1146 2867 rerum
1160 2830 1335 2888 consequen*

244 2880 339 2937 durum
365 2884 458 2953 gratio
475 2880 725 3003 hanepegutionem
742 2879 960 2949 suscepissemus.
997 2882 1052 2947 Nos
1079 2899 1143 2936 vero
1159 2885 1277 2940 invicem
1289 2889 1336 2940 in·

244 2957 334 3018 tueri,
359 2961 462 3007 ettam
483 2952 549 3021 inep
578 2969 604 3003 m
625 2950 878 3020 percunctationem
907 2953 1044 3006 admirari.
1080 2953 1126 3007 Ilii
1146 2954 1339 3023 nihilomiuus

243 3041 433 3096 perseverare,
451 3029 479 3073 et
501 3021 597 3085 nobis,
618 3023 650 3072 ut
672 3020 913 3088 responderemus,
931 3023 1080 3077 instabant.
1123 3027 1159 3078 Δι
1177 3044 1262 3097 quum
1276 3029 1330 3081 soli

243 3095 364 3160 Attilae,
382 3112 437 3146 non
459 3094 520 3145 aliis
538 3094 731 3161 Imperatorem
742 3091 867 3143 mandata
888 3107 1023 3162 exponere
1041 3096 1151 3148 iussisse
1171 3098 1330 3166 respondis·

245 3181 350 3229 semus,
371 3163 462 3216 Scotta
478 3167 612 3225 offensus,
630 3160 683 3212 ho'c
697 3162 751 3215 sibi
770 3179 786 3213 a
804 3177 854 3213 suo
873 3160 941 3215 duce
958 3173 1135 3235 praeceptum
1162 3183 1221 3219 esse
1243 3167 1331 3232 dixit,

241 3252 334 3305 neque
350 3251 398 3287 sua
418 3242 515 3305 sponte
535 3249 563 3283 se
593 3231 628 3283 ad
645 3247 695 3282 nos
720 3232 836 3288 venisse.
870 3231 927 3283 Nos
946 3248 1010 3286 vero
1030 3236 1176 3299 obtestari,
1192 3254 1331 3308 nusquam

242 3301 313 3357 hanc
332 3304 419 3375 legem
441 3304 545 3371 legatis
556 3300 728 3372 impositam,
746 3309 778 3354 ut
795 3318 844 3370 per
865 3302 933 3354 alios
952 3306 1080 3358 mandata
1095 3305 1178 3359 edant
1194 3316 1223 3359 et
1240 3309 1330 3377 palam

244 3373 521 3444 saciant,'antequam
539 3387 596 3436 eos,
612 3371 647 3424 ad
666 3390 734 3455 quos
750 3371 829 3425 missi
845 3374 911 3435 sint,
928 3374 1055 3439 adierint,
1063 3383 1092 3429 ct
1107 3376 1136 3428 in
1153 3386 1331 3448 conspectum

245 3463 339 3499 eorum
358 3445 491 3498 venerint.
525 3442 623 3513 Neque
635 3441 688 3502 hoc
707 3441 818 3510 Scythas
831 3444 953 3509 nescire,
976 3447 1024 3516 qui
1038 3464 1232 3516 saepenumero
1251 3449 1330 3520 lega-

242 3524 287 3570 tos
307 3515 342 3567 ad
356 3519 550 3587 Imperatorem
568 3505 702 3568 miserint.
720 3515 795 3565 Idem
808 3521 837 3566 et
847 3514 928 3566 nobis
947 3517 1103 3584 contingere
1121 3533 1169 3586 par
1185 3534 1258 3583 esse,
1276 3537 1330 3582 sao·¹

244 3605 299 3659 quc
306 3587 387 3641 aliter
406 3603 456 3638 nos
470 3585 597 3636 mandata
613 3599 673 3636 esse
692 3581 820 3636 dicturos.
846 3583 953 3651 Quibus
967 3585 1068 3638 auditis
1084 3586 1118 3637 ad
1137 3589 1251 3641 Attilam
1262 3605 1329 3658 per.

242 3667 387 3722 rexerunt,
405 3657 479 3709 unde
502 3673 559 3707 non
578 3655 664 3707 multo
689 3660 751 3721 post
774 3654 833 3704 sine
851 3653 977 3708 Edecone
998 3659 1113 3721 reversi,
1135 3662 1238 3723 omnia,
1255 3677 1328 3732 quae

244 3724 305 3781 eum
332 3730 388 3781 illis
413 3745 492 3797 agere
516 3727 546 3777 in
571 3724 707 3777 mandatis
730 3722 916 3788 habebamus,
940 3726 1087 3797 dixerunt,
1110 3729 1327 3800 confestimque,

242 3803 298 3853 nisi
317 3801 384 3870 quid
402 3797 479 3852 uliud
497 3797 579 3848 nobis
598 3812 658 3847 eum
678 3792 734 3846 iIIis
753 3794 794 3844 rei
812 3802 893 3858 esset,
912 3795 1053 3852 discedere
1070 3798 1216 3852 iusserunt.
1244 3800 1325 3871 Quae

243 3871 293 3923 ubi
311 3870 480 3929 audivimus,
499 3866 596 3918 animis
619 3863 697 3916 dubii
722 3865 903 3936 suspensique
919 3865 1064 3937 haesimus.
1092 3869 1149 3922 Nec
1168 3871 1241 3923 enirn
1259 3873 1324 3925 satis

242 3941 398 4009 intelIIgere
418 3947 591 4010 poteramus,
615 3951 669 4054 qus
688 3935 793 3986 ratione
812 3936 917 3988 occulta
935 3938 1108 4006 imperatoris
1133 3941 1249 3992 consilia
1275 3959 1324 4011 ps-

242 4011 344 4063 tesaeta
372 4020 469 4064 essent.
512 4007 619 4089 Quamo
642 4021 697 4057 rem
722 4005 814 4073 potius
841 4023 899 4058 esse
918 4006 1060 4070 duximus,
1079 4009 1156 4086 -rphil
1175 4013 1323 4084 quicquam

244 4079 279 4132 de
299 4081 433 4132 mandatis
451 4087 551 4130 nostris
570 4080 683 4149 efferre,
700 4075 856 4146 priusquam
877 4076 957 4131 nohis
982 4079 1096 4155 Attilpm
1112 4078 1243 4137 ,adeundi
1271 4074 1323 4152 φοί

244 4159 328 4206 testas
345 4148 437 4207 ficret:
456 4150 549 4220 itaque
559 4145 763 4218 respondimus:
781 4147 861 4208 „sive
879 4164 927 4214 ea,
946 4149 1138 4221 quaeScythue
1155 4152 1238 4206 modo
1256 4170 1348 4226 pro-
