2774 5122
353 592 618 662 εαεαλυοοι
647 549 852 661 nrsronu.
928 596 933 609 ¹
1066 558 1152 654 363

68 750 161 835 χρῦν
175 744 232 814 καί
250 750 381 814 διπλοῦν
399 749 435 813 τὸ
450 747 590 834 ὄφληθὲν
604 745 803 832 ἀναλήψεται
821 743 903 812 κατά
923 743 959 812 τέ
980 748 1231 834 deterrerem}
1243 756 1294 819 λοῦ

69 844 157 923 ἐντός
177 849 346 931 ἐνιαυτοῦ,
380 843 455 913 ὅσον
476 845 524 909 ἐπ’
546 845 650 934 ἐκείνῳ
671 850 714 932 τῷ
735 846 871 928 δόγματι
891 847 1089 912 διαλελύσθω
1109 836 1301 960 τάῙῑῑθρθ36

68 951 135 1013 ταῖν
154 948 307 1013 σπονδιῦν.
351 950 501 1031 δευτέραν
530 944 610 1031 πρὸς
640 947 680 1032 τῇ
704 942 815 1031 δεκάτη
835 955 954 1031 μοῖραν
974 949 1037 1010 τῶν
1058 911 1258 1012 auor-lustru.

68 1049 136 1112 δοῦν
164 1044 366 1130 κατανοήσεις
394 1044 452 1120 τάς
480 1042 559 1129 πρὸς
586 1041 663 1107 θεὸν
690 1043 844 1126 ἱκετείας,
877 1042 924 1109 ἔτι
951 1068 986 1109 τε
1016 1043 1071 1109 καὶ
1094 1044 1153 1122 τάς

45 1139 167 1229 5οἷράς,
190 1139 256 1210 οἷον
275 1146 319 1233 τιή
335 1147 396 1225 μὲν
416 1148 574 1229 στέργοντα
594 1140 651 1228 τήν
669 1139 795 1228 εἰρήνην
814 1138 895 1207 εἶναι
916 1141 970 1209 τὸν
989 1142 1066 1208 θεὸν
1085 1144 1177 1215 lle-13

67 1240 115 1308 οὖν
143 1267 179 1308 τε
210 1247 266 1308 καί
296 1240 463 1327 ξύμμαχον
492 1240 545 1307 διά
568 1241 701 1322 παντὸς,
736 1245 781 1330 τῷ
803 1245 838 1308 δέ
868 1237 1017 1330 α’πατηλῷ
1037 1246 1101 1306 τοῖν
1119 1266 1153 1308 το

65 1342 318 1422 ἐμπεδωθέντων
352 1345 538 1424 νεοχμῶσαί
552 1367 583 1407 τι
610 1343 791 1429 βουλομένῳ
824 1338 879 1405 τὸν
907 1339 984 1405 θεάν
1018 1338 1150 1405 ἔσεσθαι

66 1433 241 1506 άντίπαλάν
258 1463 292 1505 τε
315 1440 370 1504 καί
388 1443 549 1521 πολέμιον.
579 1444 670 1524 τρίτη
691 1438 769 1524 πρὸς
788 1443 825 1527 τῇ
846 1435 960 1526 δεκάτη
980 1444 1043 1504 τιῦν
1063 1460 1153 1519 νομι-

66 1537 208 1603 σθέντων
227 1535 344 1621 ἰσχῦς,
367 1537 663 1623 πεντηκοντοάτιδας
683 1533 765 1603 εἶναι
785 1536 842 1614 τάς
862 1536 1019 1618 σπονδάς,
1048 1533 1154 1622 ἐρῥοῦ-

27 1634 151 1707 acatal
165 1659 200 1701 τε
220 1635 258 1703 τά
279 1642 333 1724 τῆς
352 1634 477 1723 εἰρήνης
495 1634 550 1702 ἐπί
568 1627 753 1722 πεντήκοντα
781 1635 965 1717 ἐνιαυτοῦς,
993 1637 1152 1723 άριθμου-

63 1737 163 1817 μένον
199 1738 256 1800 τοῦ
283 1738 431 1803 ἐνιαυτοῦ
458 1734 540 1802 κατά
567 1736 601 1803 τὸ
625 1732 763 1821 άρχαῖον
784 1734 874 1817 ἔθος,
905 1733 1039 1801 ἑκάστου
1060 1733 1152 1812 ἔτους

63 1836 104 1920 τῇ
131 1838 357 1923 τριακοσιοστή
381 1833 437 1899 καί
460 1831 609 1924 ἑξηκοστῇ
637 1838 692 1900 καί
721 1837 844 1923 πέμπτη
873 1833 977 1923 ήμέρρ
998 1857 1151 1917 περατου-

62 1935 173 2013 μένον.
213 1936 344 2015 ἰσχῦσαι
366 1936 402 2000 δὲ
422 1933 477 1999 καί
495 1938 606 2016 τοῦτο,
638 1933 724 2000 καθά
748 1932 844 2020 ἔφην,
874 1930 955 1999 οῦστε
975 1935 1009 2012 ἐξ
1029 1935 1151 2020 α’μφοῖκ

62 2034 317 2116 άποκομισθήναι
355 2032 518 2115 συλλαβάς
546 2036 666 2115 ἐκεῖσε,
699 2031 856 2119 δηλοῦσας
888 2030 933 2108 οῦς
958 2034 1015 2097 καί
1050 2025 1150 2119 άμφοο

24 2133 190 2214 ι5στέρξαι
218 2131 318 2196 ταῦτα
343 2134 399 2219 ἐφ’
428 2127 475 2208 οἷς
500 2133 697 2216 ἐβεβαίωσαν
728 2130 758 2198 οἱ
785 2133 941 2216 πρέσβεις.
982 2133 1083 2217 πέρας
1114 2153 1150 2197 το

64 2229 244 2310 δεξαμένων
263 2233 327 2296 τοῦν
346 2236 535 2316 συνθηκῶν,
553 2229 772 2316 ἀπεδόθησαν
788 2229 823 2295 αἱ
842 2228 1004 2315 λεγόμεναι
1024 2229 1151 2315 σάτραι.

60 2324 184 2393 τούτων
221 2330 257 2395 δέ
292 2328 448 2406 δοξάντων
477 2331 532 2396 καί
544 2378 546 2385 ι
559 2334 869 2416 ίσχυροποιηθέντων
889 2328 977 2407 ἐκτὸς
995 2331 1180 2413 ἐνομίσθης

59 2423 100 2491 τά
122 2423 199 2512 περὶ
218 2429 282 2493 τιῦν
301 2429 336 2493 ἐν
357 2433 497 2516 Περσίδι
517 2431 742 2514 Χριστιανῶν,
773 2423 855 2494 dure
884 2427 939 2494 καί
966 2427 1043 2503 νοῦς
1067 2429 1150 2491 οἰκο-

61 2526 170 2605 δομεῖν
190 2524 247 2590 καί
264 2527 456 2608 ἐπιθειάζειν
484 2533 570 2615 σφᾶς
598 2524 715 2608 άδειῦς,
746 2530 801 2592 καί
830 2526 906 2603 τοῦς
925 2527 1151 2612 χαριστηρίους

19 2619 200 2704 misereve,
227 2623 314 2690 καθά
336 2624 517 2708 νενόμισται
543 2626 639 2711 ἡμῖν,
670 2624 838 2701 α’κωλάτως
858 2623 1036 2709 ἐπιτελεῖν,
1066 2621 1228 2706 άλλάν.96

60 2717 124 2807 γάρ
145 2718 221 2804 μήτε
240 2727 544 2809 καταναγκάζεσθαι,
554 2724 691 2812 μαγικήν
710 2725 850 2808 μετιέναι
869 2728 1050 2811 θρησκειαν,
1070 2721 1151 2808 μήτε

59 2816 127 2903 μήν
152 2824 330 2889 θεοκλυτεῖν
359 2820 514 2905 ἀκουσίως
543 2823 618 2902 τοῦς
645 2824 733 2913 παρά
759 2825 889 2911 Μήδοις
908 2826 1151 2906 νενομισμένους

58 2914 165 2995 θεοάς.
206 2920 263 2986 καί
280 2920 309 2987 οἱ
324 2923 517 3010 Χριστιανοὶ
534 2928 570 2991 δὲ
580 2977 590 3008 ,
613 2921 693 2990 άστε
715 2920 830 3009 ἥκιστα
852 2927 908 2989 καί
927 2926 993 2990 οῖδα
1013 2926 1150 3009 τολμῷεν

131 3053 171 3108 15.
190 3056 279 3107 ταῦτα
297 3055 348 3120 il,
375 3045 429 3110 τάν
445 3047 480 3113 τά
499 3059 571 3128 iulg.
664 3059 805 3116 .21.Autc
834 3053 968 3132 μαγικήν
1000 3057 1080 3127 vulgo
1107 3055 1149 3113 tlt

127 3126 275 3191 inseritur,
296 3126 345 3179 sed
363 3131 441 3181 uncia
461 3130 605 3183 inclusum.

56 3271 135 3392 pisi,
164 3270 262 3324 foedus
288 3269 341 3326 hoc
372 3271 484 3343 quidem
519 3273 610 3341 capite
636 3272 768 3324 violatum
801 3271 861 3324 erit
916 3270 949 3353 ln
986 3267 1150 3322 duodecim

69 3339 202 3394 oederum
227 3351 306 3411 parte
331 3342 437 3394 videbis
468 3340 604 3395 addeum
631 3359 734 3412 preces,
753 3349 782 3394 et
803 3349 1003 3393 exsecrationes
1028 3353 1149 3410 quoque,

57 3413 164 3464 seilicet
181 3421 214 3465 nt
232 3412 299 3465 deus
317 3428 410 3482 pacem
429 3413 532 3465 colenti
557 3416 594 3465 sit
618 3415 753 3482 propitius
784 3421 812 3465 et
839 3420 987 3481 perpetuus
1021 3409 1147 3462 adiutor:

58 3491 154 3534 centra
182 3480 333 3551 decipienti
352 3493 381 3536 et
399 3485 435 3533 ali
459 3483 507 3535 uid
526 3483 555 3535 in
574 3481 780 3536 conditionibus
800 3497 899 3534 novare
917 3483 1040 3550 cupienti
1059 3480 1147 3532 hostis

58 3559 87 3604 et
106 3552 243 3604 inimicus.
280 3554 375 3606 Tertio
395 3562 423 3605 et
439 3503 547 3605 decimo
567 3555 656 3623 capite
676 3552 795 3615 additur,
821 3552 1070 3623 quinquagenarias
1088 3566 1147 3602 esse

54 3624 216 3693 pactiones,
243 3630 272 3675 et
290 3624 318 3673 in
336 3623 536 3694 quinquaginta
556 3641 641 3675 annos
661 3625 758 3675 durare
781 3636 893 3691 pacem:
921 3640 1022 3674 aunum
1047 3637 1148 3673 nume·

56 3692 171 3744 randum
192 3708 269 3756 esse,
288 3693 437 3746 secundnm
457 3711 558 3747 rnorem
578 3696 737 3765 antiquum,
755 3696 802 3765 qui
824 3695 988 3746 terminatur
1007 3699 1148 3745 trecente·

55 3764 126 3813 sirno
145 3765 312 3831 sexagesimo
338 3766 436 3836 quinto
455 3766 508 3817 die.
547 3763 620 3817 Illud
642 3780 754 3836 quoqne
780 3764 922 3826 obtinere,
945 3773 978 3816 ut
995 3765 1146 3832 utrimque,

54 3832 137 3885 sicuti
155 3832 258 3885 dictum
278 3844 353 3897 erat,
370 3834 542 3887 adferrentur
560 3836 685 3898 litterae,
703 3836 775 3904 quae
797 3834 980 3899 declararent,
999 3841 1146 3899 utrumque

54 3918 147 3971 regem
167 3902 320 3972 approbare
341 3921 389 3966 ea,
408 3921 479 3974 qnae
499 3923 514 3956 a
533 3907 628 3976 legatie
647 3913 722 3972 gesta
741 3914 931 3974 transactaque
949 3912 1034 3955 erant
1071 3900 1146 3952 Con·
1184 3942 1189 3955 .

52 3973 162 4024 seleutia
180 3974 263 4042 igitur
281 3977 356 4043 pacis
374 3973 595 4038 conditionibus,
613 3984 708 4027 mutuo
724 3984 788 4027 sunt
806 3976 940 4037 traditae,
959 3987 1029 4043 quae
1044 3984 1144 4023 vocau-

53 4050 100 4095 tur
118 4058 219 4093 sacrae.
256 4044 305 4096 His
323 4046 362 4095 ita
381 4046 497 4097 decretis
516 4052 544 4096 et
561 4047 742 4108 confirmatis,
759 4047 904 4113 seperatim
924 4052 1000 4114 pacta
1015 4049 1080 4094 sunt
1097 4041 1145 4092 in-

53 4112 189 4182 terposita
208 4113 242 4165 de
253 4115 427 4177 Christianis,
447 4116 494 4184 qui
513 4116 541 4167 in
560 4115 669 4167 Perside
688 4117 793 4178 vivunt,
811 4117 908 4168 utillis
926 4115 1023 4166 liceret
1040 4110 1143 4178 templa

53 4192 230 4248 construere,
251 4201 265 4233 e
295 4187 355 4237 sine
374 4185 431 4237 ullo
448 4186 547 4237 timore
565 4203 637 4237 sacra
656 4202 797 4255 peragere,
814 4194 842 4237 et
859 4187 1005 4254 gratiarum
1022 4181 1143 4233 actiones

52 4268 105 4322 per
123 4252 238 4319 hymnos
255 4192 323 4315 deo,
341 4256 412 4307 sient
427 4255 500 4325 apud
520 4262 569 4307 no‘s
590 4257 647 4307 lieri
668 4256 756 4316 solet,
783 4270 898 4319 canere,
924 4268 993 4305 neve
1011 4264 1143 4333 copercu-

51 4331 100 4374 tur
117 4325 228 4394 magicis
247 4328 409 4377 ceremoniis
425 4329 576 4386 interesse,
594 4334 643 4378 aut
661 4327 761 4378 inritos
780 4323 870 4376 colere
889 4331 917 4375 et
934 4336 1074 4383 venerari,
1093 4320 1143 4390 qui

52 4391 129 4463 apud
150 4393 244 4447 liedes
262 4395 374 4447 deornm
395 4411 509 4447 numero
528 4394 671 4447 habentur.
692 4396 788 4466 Neque
806 4403 898 4446 tamen
919 4393 982 4445 ideo
993 4391 1144 4445 Christiani

52 4463 188 4520 auderent
204 4467 298 4520 conari
316 4468 418 4539 magica
437 4472 571 4548 sectantes
600 4467 630 4519 in
653 4474 774 4519 nostram
797 4463 958 4534 religionem
974 4460 1142 4536 pertrahere.
1202 4512 1207 4523 ,
