2744 5182
219 274 314 377 Μ
650 288 887 360 ῐίιιεοιΑΝιλ

219 462 253 546 δί
270 458 369 523 desint
382 453 515 531 imbres3
537 473 592 514 nee
610 449 721 536 linquit
734 455 821 536 copia
844 455 964 532 uictus,
1047 454 1050 460 '
1154 452 1157 457 ·
1230 436 1233 440 ’
1285 438 1320 452 ’“

221 557 421 639 consiliisque
441 554 501 615 tuis
525 570 681 614 servamur
696 573 785 712 suffe
807 558 950 635 paternis.

222 661 397 742 Aegyptum
416 664 528 735 septem
549 652 591 714 sic
614 655 714 712 serrat
753 652 875 734 osiphus
890 674 1003 731 anuos,

222 758 295 829 ltles
312 754 473 839 pudicitiae
496 753 607 814 meruit
621 754 673 835 qui
692 751 790 813 sideru
810 752 910 829 suma,

225 857 320 918 Cuius
344 853 475 937 placavit
495 853 639 935 sapientie
657 853 790 914 numinis
812 855 889 927 iras,

225 954 412 1038 Memphime
437 954 516 1032 regis
534 951 654 1013 solvens
668 954 816 1048 insomnia
832 953 920 1013 mira.

226 1054 344 1116 Horrea
359 1074 430 1114 nam
450 1056 564 1135 primus
586 1051 648 1112 Nili
666 1062 871 1113 construxerat
892 1054 970 1126 oris,

114 1225 116 1237 Ι
225 1155 359 1216 Luxus-ie
380 1152 543 1237 prohibens
557 1152 647 1213 urbes
669 1163 833 1234 cautusque
852 1151 985 1250 nuni,
1058 1155 1060 1158 ’

226 1254 329 1336 Atque
347 1252 458 1313 famem
473 1252 572 1334 potuit
588 1251 691 1313 diuino
711 1252 830 1313 vincere
847 1272 931 1314 cura.

313 1354 373 1414 Por
391 1363 421 1413 te
436 1351 542 1412 seditio
556 1354 675 1435 penitus
696 1351 813 1413 deletur
828 1352 867 1412 ab
889 1352 983 1431 urbe,

229 1453 380 1513 Innocuos
403 1452 532 1534 spolians
552 1452 723 1513 subterreis
742 1451 805 1513 sole
823 1462 962 1514 museto.

231 1553 311 1613 Num
331 1554 411 1612 cives
435 1551 541 1612 mediis
565 1550 730 1613 caedebant
749 1552 909 1616 moenibus
931 1574 1022 1630 ense,
1054 1581 1058 1588 ⁴

231 1649 415 1717 Bacchantes
433 1650 560 1711 stimulis
577 1651 663 1729 viui,
686 1650 854 1732 plausuque
872 1650 1052 1728 frementes,
1088 1654 1090 1661 ’

231 1750 274 1812 Et
286 1747 387 1830 spoliis
402 1753 486 1831 pacis
506 1749 668 1831 gaudentes
685 1760 773 1811 nocte
793 1751 916 1831 parutis.

232 1848 300 1930 lpse
322 1859 405 1910 vetas
420 1846 527 1928 ludos„
548 1851 718 1909 animarum
740 1848 869 1924 dumne,
891 1848 1049 1929 nefandos,

145 1975 148 1980 ¹
230 1947 336 2030 Atque
353 1946 521 2030 voluptates
536 1947 678 2031 prohibes
698 1952 877 2032 asnnguine
892 1944 995 2026 sumi,

231 2047 372 2130 Corporis
390 2058 421 2108 et
437 2068 527 2108 ceusu
546 2049 686 2129 pascendi
706 2048 832 2130 perdere
861 2052 978 2128 vitum,

234 2148 392 2208 Humuuos
413 2167 517 2208 urceus
533 2147 658 2211 lacerari
674 2148 816 2209 dentibus
835 2160 940 2227 crtus,

168 2259 172 2266 '
232 2247 403 2326 Dentibus,
426 2259 561 2309 armatur
575 2247 674 2309 rabies
689 2249 800 2331 quihus
819 2260 885 2310 ntra
905 2249 1048 2309 scincum.

234 2348 278 2410 Et
293 2336 438 2430 supernus
457 2367 563 2409 omnes
577 2351 686 2408 mentis
701 2351 836 2409 novitate
849 2343 1015 2430 benignae,

236 2445 356 2507 Sufficis
374 2445 457 2507 haud
477 2446 591 2526 'animo'
603 2450 735 2529 cupienti
754 2449 914 2510 commoda
927 2448 1044 2507 cunctis

235 2546 373 2627 Longini,
392 2546 531 2627 qucuuvis
548 2565 710 2607 numerum
731 2548 882 2609 vincentio
897 2547 1013 2624 donas,

238 2646 390 2728 Ingenuus
404 2644 561 2724 relevans,
583 2645 701 2708 occulte
717 2669 842 2709 munera
858 2658 1022 2730 praestans.
1105 2659 1109 2671 '

238 2745 378 2828 Namque
391 2747 476 2827 cupis
495 2746 603 2829 Superi
617 2757 652 2808 ⁴te
666 2751 754 2808 ¹cerni
775 2747 890 2809 lumine
911 2744 975 2808 solo
990 2768 1000 2824 3

238 2844 439 2927 Corrupitque
454 2855 542 2909 tuum
557 2867 619 2907 non
635 2847 697 2908 ulla
712 2847 853 2929 superbis
868 2857 992 2928 pectus,
1008 2857 1014 2866 '

240 2942 438 3025 Affectusque
455 2943 553 3006 bonos
580 2946 841 3008 minimersortunn
859 2948 995 3007 novavit.

238 3043 280 3103 Et
299 3044 497 3124 quicumque,
524 3047 609 3127 prius
628 3067 751 3130 caperes
773 3068 864 3129 quum
882 3057 998 3126 seeptro
1020 3055 1164 3125 rugatus,

240 3140 376 3201 Offendit
392 3146 532 3225 propriae
554 3155 717 3206 temeratus
735 3147 860 3207 crimine
875 3144 1002 3226 culpae,

239 3238 352 3300 Felicis
366 3240 481 3304 domini
499 3243 612 3304 fruitur
631 3265 713 3305 nune
734 3255 871 3326 tempore
890 3244 988 3321 laeto,

233 3339 379 3402 Praemia
402 3362 459 3422 pro
473 3343 579 3424 poenis
603 3347 729 3424 speratis
749 3334 1047 3429 sumeremiruns&

241 3439 356 3499 Omnia
377 3440 430 3500 sed
445 3453 586 3523 superat,
608 3445 770 3526 Princeps,
790 3443 950 3526 praeconia
974 3454 1075 3504 vestra

238 3538 436 3621 Propositum
456 3543 589 3624 sapiens,
605 3565 667 3626 quo
685 3543 761 3604 fidos
775 3540 861 3625 eligis
881 3542 968 3604 aulae

241 3638 403 3713 Custodes,
430 3662 484 3722 per
503 3663 579 3725 quos
600 3643 736 3704 Romana
757 3645 892 3725 potentia
913 3652 1045 3717 crescat,

237 3737 281 3799 Et
303 3759 385 3821 quo,
409 3739 506 3802 Rome
522 3752 609 3803 vetus
634 3743 715 3803 mitit
732 3763 951 3826 quoscunque,
977 3742 1113 3826 benigne

242 3837 419 3920 sustentes,
440 3844 524 3902 omni
541 3846 659 3924 penitus
674 3845 791 3905 mtionc
807 3843 956 3918 fovendo,

240 3936 390 3999 Prouehis
408 3951 440 4000 et
460 3942 602 4023 gradibus
622 3942 783 4025 praeclaris
800 3942 896 4005 laetus
907 3942 1083 4024 bonorum,

243 4035 288 4095 Ne
302 4035 405 4099 damni
430 4043 543 4123 patriae
564 4065 668 4105 sensus
687 4044 801 4104 fiuntve
827 4043 957 4110 dolores.

243 4129 412 4201 Fortunam
434 4161 530 4226 quare
553 4144 607 4208 tibi
629 4144 739 4206 debent
765 4154 856 4228 atque
873 4142 1024 4223 sulutem,
