2724 5092
184 262 264 346 130
425 283 443 299 ’“
607 282 818 351 ExCERP'rA

40 457 106 511 tc.
115 457 166 515 350
175 443 313 526 σχέσθαι
331 438 388 505 καί
406 440 530 526 πρώτην
550 436 634 521 ἔχειν
654 441 688 504 ἐν
708 442 747 528 τῇ
766 437 911 525 βασιλεία
929 435 1034 520 τιμήν.
1075 435 1093 501 ό
1119 438 1154 502 δὲ
1175 440 1257 503 Mu-

43 527 311 628 'fimbriyvsmog
331 524 371 605 όί
393 541 498 605 adreio
515 538 572 624 την
593 538 679 602 ι’όίαν
702 539 863 623 θυγατέρα
882 538 928 625 τῷ
949 538 1160 625 Κωνσταντίῳ
1181 532 1257 602 sim-

176 649 301 726 σχνεῖτο
323 638 446 705 διδόναι
465 637 604 724 γαμετὴν
623 637 678 705 s’ni
699 642 744 728 τρῖ
764 640 819 702 κατ’
839 634 934 713 αὐτὸς
953 635 1009 722 την
1028 638 1258 702 Κωνστσντίαν

176 747 285 824 λαβεῖν
303 738 361 825 την
382 737 523 827 α’όελφῆν
543 741 600 805 τοῦ
619 732 863 804 Κωνσταντίου.
903 737 1028 812 ἐδέξατο
1048 727 1104 800 οὖν
1124 730 1140 798 ὃ
1159 740 1257 817 βασι-

175 840 252 917 λεός
270 838 342 917 τούς
362 843 577 925 Βετρανίωνος
597 839 652 903 καὶ
668 838 874 921 Μαγνεντίοο
895 838 1041 922 πρέσβεις
1047 885 1058 917 ,
1099 835 1133 899 ἐν
1161 829 1209 911 οἷς
1238 829 1276 902 ό5

176 945 352 1025 Νοονέχιος
374 935 472 1015 sidric
503 937 565 1025 ἔφη
590 942 634 1028 τῷ
654 940 808 1026 προοιμίῳ
835 933 960 1022 εἰρήνην
981 935 1079 999 αἰτεῖν
1098 931 1154 999 τόν
1174 938 1258 998 Μα-

77 1035 78 1038 *
175 1045 322 1126 γνὲντιον,
344 1039 399 1105 καί
416 1038 563 1115 πολλάκις
579 1041 635 1124 τῆς
652 1041 727 1124 περί
738 1039 801 1103 των
814 1033 977 1123 παρόντων
991 1031 1183 1119 πραγμάτων
1197 1058 1257 1098 κοι-

173 1137 357 1217 ταστόσεως
378 1136 434 1203 τόν
454 1139 676 1205 Κωνστάντιον
693 1137 926 1221 ὑπεμίμνησκε,
958 1132 1089 1223 φάσκων
1109 1130 1154 1217 μη
1173 1135 1257 1217 χρῆ-

173 1264 228 1306 ναι
256 1238 351 1304 αὐτόν
379 1237 562 1324 οἷπροόπτως
591 1241 647 1305 καί
665 1236 835 1323 κεκμηκότα
863 1228 923 1321 ἤδη
942 1244 1007 1311 τοῖς
1028 1234 1175 1315 πολέμοις
1195 1229 1255 1297 siaiu

173 1343 240 1405 κατ’
262 1336 359 1404 αὐτόν
384 1344 545 1421 βασιλεῖς,
577 1341 800 1424 στρατιωτικῆς
827 1360 862 1400 τε
887 1335 1055 1420 ἐπιστήμης
1085 1334 1299 1418 ἐμπείροαςιο

174 1442 230 1503 καί
248 1437 460 1520 ὁμονοοῦντας
481 1436 627 1523 ἀλλήλοις
648 1442 703 1503 καί
721 1435 767 1504 ἔτι
786 1430 951 1521 ἀκεραίους
971 1428 1077 1518 ὄντας,
1098 1438 1145 1510 είς
1163 1430 1258 1499 πόλε-

174 1563 236 1621 μον
264 1543 510 1622 προκαλεῖσθαι·
553 1539 678 1618 οἵτινες,
707 1540 738 1602 τί
755 1534 800 1621 μη
821 1538 896 1621 περί
914 1533 1039 1620 εἰρήνης
1059 1532 1256 1614 σονόόξαιεν,
1305 1534 1310 1547 ’
1338 1528 1342 1537 ’

95 1637 254 1723 Ρ.ο8[οός]
284 1636 388 1702 όποῖοι
407 1636 463 1701 καί
481 1639 605 1723 πηλίκοι
625 1635 706 1702 κατά
726 1635 780 1703 τόν
801 1636 955 1723 ἐμφύλιον
974 1631 1111 1718 πόλεμον
1130 1631 1257 1699 ἔσονται

170 1733 453 1823 παραταττόμενοι,
474 1736 536 1802 εἴτε
557 1717 602 1813 είς
622 1737 726 1821 μόνος,
750 1734 810 1801 εἴτε
831 1732 914 1818 ὁμοῦ
934 1727 1033 1822 οἷμφω
1049 1735 1257 1820 παραγένων-

65 1828 71 1836 ’
170 1859 225 1920 το,
255 1834 302 1920 μή
323 1838 428 1900 θέλειν
448 1834 545 1904 αότόν
564 1833 719 1924 ἑτέρωθεν
737 1841 853 1920 μαθεῖν
871 1827 894 1921 ἢ
915 1838 950 1900 ἐκ
969 1837 1031 1900 τοῖν
1050 1827 1112 1918 ἤδη
1132 1834 1300 1917 nanae-15

81 1934 86 1948 '
168 1937 290 2018 γμίνων
311 1931 435 2017 αότοῖς,
470 1931 523 2001 ὅτε
552 1944 621 2016 ταῖς
641 1938 767 2001 ἐκείνων
793 1932 1007 2021 παρατάξεσιν
1037 1932 1127 2020 αὐτῷ
1145 1954 1181 1996 τε
1199 1933 1258 1995 καῖ

158 2037 218 2123 ’τρῖ
236 2035 320 2118 γένει
343 2034 442 2100 αὐτοῦ
462 2039 618 2121 θρίαμβοι
638 2037 866 2121 κατωρθοόιτο.
880 2029 999 2119 ταύτης
1013 2035 1070 2118 τῆς
1086 2032 1256 2114 πρεσβείαις

169 2130 346 2210 ἀκούσας-ό
366 2134 517 2218 βασιλεός
537 2138 571 2200 ἐν
591 2135 739 2222 φροντίσι
758 2132 889 2209 πολλαῖς
908 2127 966 2218 ἦν.
1006 2131 1064 2195 καί
1089 2133 1135 2206 είς
1155 2124 1256 2193 sinuas

138 2236 302 2317 Βτραπείς
321 2230 404 2300 εἶδεν
424 2224 511 2317 ὅφιν,
533 2229 580 2301 ὅτι
601 2231 617 2300 ὅ
637 2232 742 2319 πατὴρ
765 2234 867 2299 αὐτοῦ
888 2228 992 2318 ὥσπερ
1015 2225 1173 2312 ἔξόψους
1194 2252 1256 2291 κα·

164 2328 243 2397 τιοόν
262 2336 318 2398 καί
336 2337 374 2420 τῇ
392 2338 481 2419 χειρί
507 2335 650 2417 κατέχων
671 2333 727 2399 τόν
748 2333 961 2413 Κοόνσταντα,
986 2328 1021 2396 ὃν
1040 2325 1143 2395 οἷνεῖλε
1172 2332 1296 2397 Mu·2o

165 2431 310 2512 γνόντιος,
332 2435 443 2496 τοῦτον
456 2431 542 2521 αὐτῷ
555 2435 744 2520 προσφέρων
756 2438 856 2498 ταῦτα
877 2429 957 2516 πρός
969 2427 1069 2495 αὐτόν
1088 2429 1192 2495 ε’όόκει
1209 2425 1251 2491 τά

235 2567 259 2617 5.
275 2569 483 2637 Βρεττανίωνσε
499 2569 565 2638 vulg
645 2567 664 2620 ό
680 2564 941 2636 Νοννίχιος-τόν
960 2565 1156 2634 Μαγνίντιον,
1178 2558 1251 2634 καλ]

233 2636 309 2688 llaec
326 2638 416 2700 verba,
437 2654 506 2709 quae
525 2640 604 2708 vulgo
620 2655 764 2707 perperam
781 2638 829 2690 lin·
851 2656 888 2706 ¹7·
907 2645 970 2708 post
987 2652 1043 2686 voe
1068 2636 1254 2700 κατωρθοῖν-

234 2723 266 2758 το
286 2706 455 2777 legebantur,
474 2711 607 2762 inlocum
626 2727 704 2762 suurn
723 2708 834 2761 reduxit
850 2710 900 2772 ct,
919 2707 1053 2778 particula
1074 2708 1123 2755 καῖ
1141 2703 1176 2755 ab
1193 2703 1253 2754 ini·

232 2779 274 2830 tio
299 2780 327 2829 iu
356 2781 437 2831 finem
458 2783 631 2849 transposita.
655 2799 681 2851 9.
701 2784 750 2830 καῖ
766 2780 815 2843 Ν.,
840 2769 879 2850 μὴ
909 2779 979 2848 vulg.
1049 2775 1188 2844 πολέμοις
1205 2774 1254 2835 B„

233 2848 385 2920 πολεμίοις
401 2851 473 2922 vulg.
530 2849 672 2921 sondro&
690 2850 760 2903 coni.
779 2851 807 2901 B.
880 2851 917 2903 13.
937 2850 975 2906 ὥς
995 2847 1072 2918 uncis
1090 2843 1203 2897 inclusit
1220 2843 1253 2896 Β.

166 2972 255 3024 ximus
275 2990 335 3025 eum
356 2975 440 3046 ipsis,
459 2975 508 3046 qui
534 2973 744 3028 adhortarentur
763 2973 965 3035 Constantium,
983 2980 1015 3024 ut
1032 2969 1067 3024 ab
1084 2970 1164 3024 armis
1183 2968 1253 3048 aias-

165 3041 283 3106 uiueret,
310 3053 339 3096 et
364 3048 481 3114 primurn
499 3045 610 3098 honoris
629 3045 742 3115 gradum
759 3046 789 3097 iu
815 3045 929 3115 imperio
948 3044 1099 3107 obtineret;
1119 3042 1254 3110 Magnen-

166 3111 222 3161 tius
241 3111 400 3167 Constantio
429 3116 513 3167 filiam
539 3115 739 3185 desponderet,
763 3123 791 3168 et
813 3115 872 3184 ipse
892 3131 1003 3167 uxorem
1022 3113 1158 3181 acciperet
1177 3109 1254 3161 Con·

165 3183 304 3245 stantiam,
328 3185 480 3238 Constantii
499 3203 625 3238 sororem.
662 3188 758 3259 Itaque
780 3188 930 3256 Imperator
949 3184 1125 3236 Constantius
1141 3180 1256 3232 admisit

164 3249 342 3306 Vetranionis
366 3264 395 3307 et
418 3257 569 3326 Magnentii
586 3258 704 3328 legatos,
728 3273 844 3327 quorum
867 3272 957 3319 unus,
974 3254 1142 3314 Nunechius,
1168 3251 1254 3303 initio

164 3323 255 3403 statim
272 3323 459 3393 Magnentium
476 3342 569 3397 pacem
586 3328 834 3397 petere'praesatus
858 3335 914 3389 est,
931 3335 960 3380 et
978 3325 1179 3384 Constantium»
1195 3339 1254 3392 (1¹¹⁰

163 3407 194 3442 ια
212 3400 282 3444 statu
303 3411 345 3466 res
365 3395 394 3446 in
414 3399 568 3465 praesentia
589 3408 687 3461 essent,
699 3396 922 3460 monuitdieens‚
943 3413 999 3449 non
1012 3402 1144 3462 ‘oportere
1158 3393 1253 3462 ipsum

163 3462 384 3529 inconsiderate,
413 3471 572 3535 praesertim
613 3487 698 3541 quum
725 3467 806 3520 bellis
834 3468 889 3518 iam
916 3467 1055 3519 coniectus
1073 3471 1158 3524 esset,
1180 3461 1253 3515 duos

163 3541 257 3586 contra
275 3552 304 3587 se
323 3538 518 3606 Imperatores,
538 3541 578 3591 rei
607 3539 734 3592 militaris
755 3539 858 3608 peritos
887 3545 915 3589 et
947 3540 1019 3589 inter
1048 3551 1077 3589 se
1101 3531 1252 3585 concorde·

163 3609 193 3654 et
209 3604 322 3672 integris
339 3607 453 3672 viribus,
472 3609 506 3660 ad
525 3608 628 3663 beliunr
646 3624 798 3681 provocare.
816 3608 889 3678 Qui,
904 3607 958 3660 nisi
977 3623 1050 3659 nune
1068 3607 1102 3658 de
1118 3619 1184 3674 pace
1202 3603 1252 3654 in·

95 3744 97 3751 !
162 3677 206 3755 ter
224 3691 270 3727 eus
294 3680 466 3742 conveniret,
493 3679 588 3751 quales
619 3682 771 3750 quantique
795 3680 824 3731 in
845 3678 918 3730 beiio
945 3679 1019 3730 civili
1037 3677 1123 3729 futuri
1141 3681 1252 3736 essent,

162 3759 220 3796 srve
239 3764 309 3800 unus
327 3749 414 3812 auius,
438 3752 495 3802 sive
521 3760 636 3819 uterque
657 3752 747 3814 simui,
771 3766 826 3802 non
847 3748 958 3800 aliunde
977 3749 1029 3817 ipsi
1053 3741 1252 3800 discedendum

161 3827 236 3878 esse,
264 3836 345 3887 quarn
369 3838 401 3872 ex
425 3823 539 3892 egregiis
566 3820 748 3884 facinoribus,
772 3837 843 3889 quas
867 3828 930 3871 anto
949 3818 1116 3879 edidissent,
1134 3811 1250 3884 q¹¹³¹¹d⁰

160 3884 214 3949 ipsi
234 3893 262 3936 et
279 3892 371 3955 generi
391 3891 450 3942 eius
468 3907 597 3960 prospere
615 3890 695 3942 rebus
714 3892 795 3961 gestis
812 3890 963 3958 triumphos
981 3889 1158 3958 peperissent·
1178 3885 1251 3935 Cum

160 3949 231 4002 hanc
257 3957 421 4012 levationem
451 3960 571 4013 audisset
596 3962 907 4030 imperatorsmagnam
936 3959 978 4011 iiii
997 3977 1027 4011 ea
1049 3976 1090 4010 res
1109 3972 1200 4007 euram
1221 3964 1252 4008 et

160 3976 375 4081 inilicitudinem
398 4031 498 4082 attulit.
535 4031 631 4101 Itaque
642 4031 676 4081 ad
697 4048 821 4084 somnum
839 4047 992 4091 conversus,
1010 4028 1080 4081 vidit
1097 4029 1127 4078 in
1146 4028 1252 4078 somnis

159 4101 266 4161 patrem
285 4108 414 4170 tanquam
434 4118 467 4153 ex
485 4100 542 4154 alto
568 4100 787 4156 descendentem.
833 4103 865 4153 ln
882 4118 962 4152 manu
982 4099 1095 4150 tenebat
1112 4097 1251 4148 Constan-

160 4168 250 4214 λοιπε
275 4167 433 4237 Magnentio
457 4177 610 4240 peremtum
619 4210 628 4239 ,
651 4189 734 4244 quern
760 4173 920 4227 Constantio
946 4168 1094 4222 ostendens
1118 4166 1252 4221 baccini
