2782 5100
391 584 417 646 a
444 583 572 650 nanu
598 546 803 651 nisnoan.
1049 584 1128 671 207

57 736 183 820 χρῆναι
212 735 296 817 ἡμᾶς
327 737 521 820 διαφεθῆνοι
550 738 689 821 λέγοντες
707 737 764 805 κἀί
780 736 825 823 μὴ
842 739 1003 824 ’τηνόλλως
1018 742 1269 829 colmannum
1316 792 1321 799 .

58 833 118 900 τόν
134 830 268 923 χρόνον.
298 830 355 898 καί
372 829 408 909 ὃς
435 832 496 921 ἔφη
516 836 637 903 έδέλειν
656 834 780 903 καὶτὸν
805 836 964 921 Ἀττήλαν
992 826 1219 921 &nomn-¹⁰⁶³

59 957 135 996 πεττ
153 931 248 1016 ἡμᾶς.
288 934 343 997 κατ’
360 932 474 1019 μικρόν
493 934 647 1001 διαλιπόν
668 931 736 1018 ἅμα
757 945 822 1012 τοῖς
841 934 967 1020 λογάσιν
989 896 1281 1019 ἐβουλεύ-ΤΙΙΕΟΜΙ

38 1055 116 1094 -ιετο
137 1029 210 1116 περὶ
227 1034 291 1097 τοῖν
307 1025 451 1122 Ἀττήληι
473 1035 683 1118 δεδογμένων,
703 1039 759 1100 καί
778 1032 816 1099 τό
836 1038 965 1117 βασιλεῖ
980 1036 1139 1121 ἀποδοθη-

42 1127 183 1211 5σόμενα
206 1131 373 1196 συνέταττε
399 1128 592 1216 γράμματα,
620 1129 829 1220 όπογραφέων
860 1133 946 1222 αὐτῷ
974 1133 1138 1220 παρόντων

61 1232 121 1294 κατ’
145 1227 366 1310 Ῥουστικίου,
398 1227 513 1314 α’νδρός
533 1225 717 1316 ὁρμωμένου
737 1235 797 1314 μὲν
816 1233 852 1295 έκ
868 1234 924 1315 τῆς
944 1225 1008 1298 ἅνω
1027 1232 1139 1298 Μυσί-

61 1352 121 1410 ας,
142 1325 267 1404 ἁλόντος
287 1330 323 1393 δέ
343 1329 377 1393 έν
396 1330 439 1418 τῷ
458 1332 591 1419 πολέμτρ,
608 1333 666 1396 κατ’
684 1329 739 1395 διό
757 1329 857 1416 λόγων
874 1329 988 1417 οἶρετην
1000 1335 1044 1420 τῷ
1059 1336 1165 1416 βαρ-0

60 1425 153 1515 βόρηι
192 1426 247 1491 ἐπί
272 1431 312 1517 τῇ
341 1431 404 1493 τῶν
428 1426 621 1514 γραμμάτων
645 1433 893 1512 διαπονουμένου
914 1431 1076 1510 συντάξει.
1096 1431 1140 1506 οἱς

61 1527 100 1589 δὲ
121 1529 157 1590 ἐκ
179 1527 235 1608 τῆς
255 1523 390 1592 συνόδου
411 1529 578 1612 διανέστη,
599 1526 773 1614 ἐδεήθημεν
802 1532 904 1596 αδτοδ
929 1529 1003 1615 περί
1021 1529 1140 1607 λόσεως

20 1627 119 1708 τοτῆς
140 1620 261 1688 Σόλλου
285 1629 423 1710 γαμετῆς
442 1628 497 1691 κατ’
516 1631 580 1693 τοῖν
599 1626 718 1712 ἐκείνης
741 1631 881 1711 παίδων,
911 1631 945 1695 έν
964 1632 1004 1717 τῇ
1029 1630 1141 1694 Ῥατι-

7 1784 10 1788 .
61 1721 159 1807 οιρίας
186 1719 504 1809 οἶνδραπυδισδέντων
523 1723 650 1799 ἁλώσει.
691 1730 746 1791 κατ’
764 1727 845 1812 πρός
865 1730 924 1810 μὲν
952 1729 1010 1814 τὴν
1032 1722 1138 1792 airas

61 1823 121 1887 οδκ
150 1823 343 1907 α’πηγόρευσε
370 1823 476 1906 λόστν,
510 1828 565 1891 ἐπί
586 1833 710 1902 πολλοῖς
730 1829 765 1891 δέ
785 1830 871 1914 σφοῖς
899 1825 1040 1912 teatino
1058 1827 1141 1912 χρη-

62 2017 203 2102 σόντων,
236 2021 293 2104 τὴν
321 2027 477 2110 προτέραν
505 2019 708 2107 εὐδαιμονίαν
738 2026 954 2111 λογιζόμενον,
992 2028 1081 2109 διέβη
1108 2048 1143 2089 τε

22 2116 147 2205 ιόπρός
172 2117 227 2185 τόν
254 2120 431 2205 Ἄπολλον,
465 2126 523 2187 καί
553 2121 608 2208 την
626 2127 685 2206 μὲν
705 2133 838 2208 γυναῖκα
857 2123 912 2190 έπί
930 2126 1143 2200 πεντακοσίοις

63 2219 201 2303 διαφῆκε
221 2228 370 2301 χρυσοῖς,
388 2220 464 2296 τοός
485 2223 519 2285 δὲ
540 2225 658 2300 παῖδας
677 2227 780 2309 δοόρον
797 2221 916 2304 ἔπεμπε
934 2227 1067 2306 βασιλεῖ.
1102 2225 1166 2286 dvi)
1276 2222 1281 2232 '

62 2315 160 2407 τοότφ
181 2319 217 2381 δὲ
236 2316 293 2382 καί
308 2319 328 2402 ἦ
346 2319 462 2385 Ῥέκαν
481 2319 501 2406 ἦ
524 2323 582 2385 τοῦ
598 2318 741 2405 Ἀττῆλα
760 2318 877 2405 γαμετὴ
897 2317 985 2403 παρὰ
1003 2320 1143 2400 Ἀδόμει

61 2416 125 2480 τῶν
157 2416 257 2500 αδτῆς
285 2419 476 2501 πραγμάτων
511 2415 570 2503 τὴν
590 2416 759 2503 έπιτροπὴν
778 2417 881 2502 ἔχοντι
902 2421 1036 2483 δειπνεῖν
1059 2414 1144 2501 ἡμεῖς

64 2516 246 2600 παρεκάλει.
286 2519 341 2582 καί
366 2523 443 2602 παρ’
474 2516 575 2582 ου’τόν
601 2513 745 2593 ἐλθόντες
771 2513 840 2599 όμα
865 2515 932 2582 τισί
948 2519 1010 2581 τῶν
1030 2516 1065 2580 έκ
1084 2516 1144 2578 τοῦ

31 2612 178 2688 υοέδνοος
197 2614 336 2698 λογάδων
359 2616 594 2702 φιλοφροσύνης
614 2612 780 2698 ε’τόχομεν.
822 2617 976 2694 ἐδεξιοῦτο
1003 2616 1038 2680 δέ
1058 2609 1144 2699 ἡμᾶς

66 2715 234 2796 μειλιχίοις
253 2738 287 2778 τε
309 2710 412 2798 λόγοις
431 2714 487 2801 καίΙ
505 2718 546 2803 τῇ
565 2717 630 2779 τεόν
660 2716 826 2797 ἐδωδίμων
853 2715 1048 2802 παρασκευῇ.
1088 2710 1145 2777 κατ’

68 2807 195 2890 ἕκαστος
217 2815 279 2878 τόν
297 2812 463 2901 παρόντων
479 2817 620 2904 Σκυθικῇ
642 2818 804 2905 φιλοτιμίη
825 2812 936 2879 κόλικα
950 2808 1025 2898 ἡμῖν
1039 2807 1143 2896 πλήρη

136 2983 176 3036 ¹7·
194 2965 299 3020 Ῥίκαν
320 2982 400 3038 supra
417 2983 477 3037 pag.
499 2985 571 3039 ¹97·›
583 2939 640 3039 hp
658 2968 757 3037 Κρέκα
773 2966 911 3022 nominata
927 2973 976 3029 est.

68 3117 156 3173 neque
171 3099 253 3154 nobis
272 3102 374 3155 diutius
392 3111 498 3173 tempus
515 3104 656 3157 terendum
674 3120 740 3157 esre.
767 3104 843 3169 tillo,
857 3102 969 3156 Attilam
984 3115 1094 3170 quoque
1117 3100 1147 3152 in

68 3174 333 3235 summutantur,
351 3181 379 3226 et
390 3191 440 3227 nos
450 3175 588 3229 dimittere
605 3173 795 3236 constituisse,
809 3173 957 3244 respondit
974 3174 1069 3241 ltaque
1090 3188 1146 3222 non

68 3244 152 3296 multo
167 3251 230 3312 post
263 3245 409 3298 consilium
425 3261 567 3313 procerum
600 3245 634 3297 de
651 3244 713 3306 his,
728 3259 797 3313 quae
816 3245 913 3296 Attilae
934 3247 1080 3301 statuerat,
1096 3240 1146 3292 ha·

68 3312 145 3376 huit,
172 3322 200 3365 et
218 3315 341 3379 litteras,
368 3332 438 3384 quae
460 3316 621 3383 imperatori
644 3314 837 3374 redderentur,
866 3312 984 3383 digessit
1025 3311 1148 3375 Aderant

10 3404 16 3417 ·
69 3400 192 3453 quoque,
211 3401 326 3454 quorum
341 3402 420 3437 curae
436 3386 564 3455 epistolas
581 3384 698 3438 scribere
715 3382 904 3445 incumbebat,
921 3384 994 3434 iuter
1006 3398 1073 3451 quos
1087 3389 1147 3433 erat

68 3452 222 3517 barucius,
239 3456 280 3506 vir
300 3456 469 3524 csupcriore
484 3456 570 3523 Mysia
588 3464 681 3519 ortus,
700 3455 749 3526 qui
765 3453 800 3506 ab
816 3452 940 3507 hostibus
956 3460 1064 3520 captus,
1083 3467 1145 3504 cum

68 3523 178 3576 dicendi
200 3524 330 3578 facultate
348 3526 463 3588 valeret,
493 3525 607 3577 barbaro
625 3540 734 3594 operam
752 3527 781 3576 in
799 3522 1004 3576 conscribendis.
1020 3521 1145 3590 epistolis

67 3595 190 3647 navabat
226 3595 343 3647 Dimisso
370 3596 499 3658 consilio,
517 3596 552 3647 ab
571 3597 705 3665 Onegesiu
730 3594 857 3665 precibus
882 3590 1087 3654 contendimus,
1113 3598 1146 3644 ut

68 3664 158 3732 Syllae
175 3665 254 3716 uxori
287 3671 316 3716 et
341 3666 399 3719 eius
417 3668 527 3727 liberis,
551 3667 600 3737 qui
629 3665 659 3717 in
681 3665 883 3735 expugnatione
908 3663 983 3714 urhis
1006 3662 1145 3714 Ratiarinc

66 3751 120 3787 nna
144 3751 206 3786 cum
230 3744 317 3787 matre
351 3737 380 3787 in
402 3739 561 3788 servitutem
584 3734 687 3787 redacti
714 3744 810 3798 eraut,
834 3734 991 3787 libertatem
1016 3734 1144 3784 restituc-

66 3813 114 3856 rct.
150 3806 186 3856 Et
201 3820 265 3855 vero
283 3805 319 3856 ab
337 3805 379 3859 his
396 3806 546 3860 liberandis
563 3807 675 3859 minime
692 3805 870 3868 abhorrebat,
888 3804 937 3857 sed
953 3819 1045 3855 eorum
1058 3803 1143 3852 liber·

66 3879 150 3928 tstcm
169 3892 262 3944 magna
278 3877 409 3946 pecuniae
428 3893 532 3929 summa
549 3894 565 3929 ι
582 3875 662 3929 nohis
680 3883 798 3944 emptam
815 3872 932 3927 volebat.
980 3876 1076 3941 ltaque
1093 3887 1143 3941 nos¹

68 3959 130 3996 cum
148 3944 286 4014 supplices
304 3963 380 3998 orare
399 3955 427 3999 et
446 3946 589 4010 obtestari,
603 3954 643 4008 ut,
661 3945 756 3998 habita
772 3962 865 3997 eorum
874 3943 1007 4013 pristinae
1020 3944 1145 3994 fortunae

68 4016 189 4078 ratione,
215 4020 367 4083 praesentis
394 4017 553 4069 calamitatis
580 4015 815 4068 commiseratione
833 4020 993 4068 moveretur.
1028 4013 1092 4073 llic,
1115 4017 1147 4059 ut

67 4085 182 4137 Attilam
201 4084 284 4150 adiit,
312 4088 453 4139 mulierem
472 4104 522 4155 pro
540 4087 696 4157 quingentis
714 4087 804 4137 aurcis
831 4085 944 4154 liberam
970 4080 1093 4141 dimisit,
1117 4085 1147 4129 et

69 4155 126 4207 cius
141 4155 214 4207 filios
233 4155 305 4209 dono
323 4156 358 4208 ad
375 4159 568 4226 imperatorem
584 4158 666 4208 misit
701 4157 809 4209 lateres
820 4153 1037 4216 necambuitae
1061 4166 1146 4210 uxor,

70 4224 98 4276 in
114 4224 336 4291 ratiocinante,
370 4231 419 4298 qui
443 4229 502 4294 eius
520 4244 563 4278 res
580 4226 744 4279 domesticas
762 4223 890 4286 curabat,
914 4239 963 4275 nos
981 4221 1016 4272 ad
1034 4235 1146 4270 coenam

71 4293 203 4347 invitavit
237 4296 278 4348 Ab
296 4314 329 4350 eo
346 4315 401 4349 una
420 4315 481 4350 cum
498 4297 624 4366 pluribus
643 4296 768 4363 Scythiae
789 4294 959 4364 principibus
969 4290 1083 4353 comiter
1096 4304 1149 4348 ιτα,

71 4368 141 4434 cepti
163 4383 256 4417 sumus
289 4376 316 4419 ct
343 4367 470 4420 iucundis
487 4367 655 4419 sermonibus
688 4374 716 4417 et
740 4365 881 4435 magnifico
900 4363 1040 4430 epularum
1059 4375 1144 4429 appa-

71 4443 135 4487 ratu.
172 4432 243 4488 Tum
263 4439 453 4510 ‚unusquisque
475 4454 578 4503 corum,
595 4439 645 4510 qui
661 4436 791 4500 aderant,
812 4448 939 4508 surgens,
956 4430 1079 4499 Scythica
1098 4449 1144 4483 co·
