2724 5092
215 201 272 317 98
681 217 844 284 tueare

215 381 375 470 ρήσαντας
405 372 449 453 ὥς
477 373 659 461 παρρησίαν
688 372 816 456 ἔχοντας
841 365 1050 459 ἐπῄνεσεν..
1073 368 1236 437 .τοιαύτα
1257 374 1311 453 μία

214 504 316 550 νυιτν·
357 478 413 543 καί
438 472 518 561 πρὸς
538 472 592 537 τδν
619 473 725 556 α’γαῖνα
755 473 812 555 τῆς
845 470 976 556 κρίσεως
1005 468 1179 555 ἐλθούσης,
1203 468 1310 556 ἔφρα-

216 585 268 660 ζεν
298 572 337 643 δν
358 573 411 642 διαὶ
440 578 497 639 τού
516 569 701 637 πιστοτάτου
729 575 793 635 τῶν
821 568 991 651 εύνούχων·
1022 562 1149 650 ,,ἆ’πιτε,
1178 561 1206 632 oi
1234 570 1310 649 del*

214 701 329 758 τιστοι,
368 671 449 740 πάνυ
481 668 700 753 θαυμάζοντες
735 666 784 735 δτι
812 665 893 752 μετύ
931 671 994 733 τῶν
1023 674 1168 754 κεφαλιόν
1197 659 1310 731 ύπιτε·

214 784 395 864 κατηγορεῖν
416 771 488 859 ,γὰρ
520 767 716 857 ἇρχομένους
752 771 809 833 ούκ
846 767 993 846 έξεστιν.”
1044 765 1074 831 οἱ
1110 767 1171 848 μὲν
1209 761 1334 852 εἰσῄα-5

213 903 276 945 σαν
305 877 514 961 ψηλαφῶντες
540 867 598 946 τὰς
618 867 759 955 κεφαλὰς
781 870 836 932 έπί
854 875 917 942 τοῖς
947 861 1049 949 λύγοις
1080 868 1136 929 καί
1166 865 1316 949 α’γαπούν-

214 1001 284 1056 τες,
324 971 375 1038 δτι
411 969 523 1054 έχουσι
551 969 830 1052 συνηρμοσμένας·
883 962 899 1029 ὃ
931 967 967 1030 δὲ
993 961 1120 1049 νικήσας
1150 961 1208 1048 την
1239 968 1316 1028 Ka-

215 1076 330 1156 δμείαν
356 1073 470 1155 μακρῷ
488 1062 582 1131 πλέον
603 1059 641 1150 ἢν
671 1058 885 1144 ύδλιιύτατος,
920 1061 975 1127 καί
998 1061 1053 1146 τήν
1083 1061 1186 1147 α’ρχίην
1216 1058 1315 1148 πρττί.

213 1195 306 1255 μενος
327 1165 470 1253 δληςτῆς
497 1160 702 1250 ὑπαρχούσης
724 1164 857 1244 ούσίας,
889 1162 945 1227 καί
974 1160 1008 1227 τὸ
1029 1163 1138 1248 κέρδος
1162 1164 1218 1244 τῆς
1253 1155 1315 1247 ἆρ-

212 1273 275 1355 χῆς
303 1264 575 1354 προσκαταβαλτύν
610 1273 679 1337 ταῖς
716 1255 887 1338 τοσαύταις
923 1264 1065 1347 ἐνέδραις
1096 1265 1151 1325 καί
1181 1258 1354 1343 λόχοις.ιο

213 1373 316 1434 πᾶσαι
344 1370 421 1450 γοῦν
453 1367 548 1429 οἰκίαι
578 1359 654 1448 πρὸς
691 1366 802 1426 τοῦτον
834 1362 994 1425 έκενούντο
1030 1353 1069 1424 δν
1109 1357 1160 1424 τὸν
1198 1358 1311 1422 δόλον·

213 1466 270 1532 καί
292 1466 393 1553 ῥᾷστα
421 1456 461 1548 ἧν
492 1461 569 1549 ύρᾷν
600 1457 686 1534 ,τούς
715 1452 867 1545 ἄρξαντας
896 1460 1164 1544 δεδημευμένους,
1200 1453 1310 1541 οἵσπερ

213 1591 276 1631 που
308 1566 363 1629 καί
395 1562 412 1627 ὅ
447 1558 584 1642 κωμικός
613 1583 726 1646 φησιν·
759 1552 932 1644 ,ἄρξαντος
961 1556 1077 1642 α’νδρδς
1103 1552 1238 1640 δημόσια
1269 1556 1311 1619 εδ

211 1664 394 1748 χρηματα.”
423 1659 454 1724 ,δ
480 1663 514 1725 δὲ
549 1660 671 1742 ύχνοῶν
701 1660 750 1735 τίς
786 1655 946 1740 κωμικὸς,
979 1658 1055 1722 ου’δὲ
1087 1653 1311 1740 α’ναγιυτύσκειν

215 1759 313 1842 diruis»
335 1760 391 1845 την
422 1755 561 1847 γραφήν.
603 1754 685 1822 ούτοι
715 1762 790 1841 γοῦν
811 1761 867 1822 καί
894 1753 911 1821 δ
935 1752 1123 1842 Ἑρεννιανδς
1159 1750 1228 1819 τότε
1250 1751 1350 1821 τύνιὸ

209 1867 337 1947 ’ἱέρακα
373 1858 413 1925 τοὶ
441 1859 570 1923 πλείονα
599 1861 658 1939 μὲν
680 1856 875 1943 δφελέσθαι,
910 1858 1037 1921 πλείονα
1061 1856 1096 1919 δὲ
1113 1857 1305 1934 καταβαλεῖν

215 1958 383 2041 συλλαβών
412 1959 557 2033 ἀπέδειξε
589 1954 712 2032 δικαίας
743 1955 930 2020 ἀποτίνοντα
969 1953 1124 2039 τιμωρίας
1147 1954 1207 2016 τού
1227 1952 1307 2015 κατὰ

219 2056 385 2144 Optemus
408 2055 517 2144 φόνου.
573 2054 589 2121 ὃ
615 2059 650 2120 δὲ
673 2056 775 2140 Ἱέραξ
801 2052 989 2136 καλούμενος
1013 2050 1151 2116 cinitoni
1178 2053 1308 2114 πλείονα

217 2161 408 2232 καταθέντας
428 2152 533 2239 ὥσπερ
554 2155 650 2220 (iecori
677 2158 920 2239 συνειλημμένος
944 2151 1050 2239 ἀηδών
1075 2142 1114 2235 ἦν
1132 2145 1309 2225 Ἡσιόδειος

220 2257 259 2319 ου’
281 2257 437 2338 δυναμένη
458 2252 538 2339 πρύς
560 2252 719 2336 κρείττονα
733 2240 955 2339 ἆνιιφερίζειν.
978 2253 1034 2315 καί
1054 2243 1149 2324 αύτύς
1167 2250 1202 2313 δὲ
1219 2245 1235 2313 ὅ
1254 2241 1349 2315 oie-no

118 2367 147 2417 a.
159 2352 271 2435 τρδτύς
289 2355 380 2417 οὐδὲν
399 2355 544 2438 διέφερεν
564 2347 708 2435 οἷηδύνος,
734 2349 815 2435 πλην
835 2347 894 2415 ὅσα
913 2354 969 2416 καί
991 2351 1035 2424 είς
1052 2345 1103 2412 τὸν
1125 2350 1183 2430 τού
1199 2344 1308 2429 μύθου

215 2448 338 2516 κολοιόν
355 2452 465 2529 ἐτέλει,
482 2451 544 2512 τῶν
558 2449 647 2517 ίδτλυν
656 2453 778 2534 πτερῶν
792 2445 896 2535 ὥσπερ
909 2448 1083 2535 α’λλοτρίατν
1095 2447 1310 2532 ἐστερημένος.

289 2596 327 2632 ra.
353 2573 576 2648 δεδημευμένους
590 2579 619 2627 Β.
626 2614 635 2640 ,
662 2574 896 2648 δεδηκεισμένους
916 2578 991 2641 cod,
1023 2574 1246 2646 δεδεκασμένους
1268 2574 1307 2627 Μ.

287 2651 326 2703 15.
345 2645 424 2707 ἄξιος
442 2647 486 2699 vel
510 2646 580 2708 οἷξιιύ
599 2645 729 2702 αδτδνΝ.
780 2651 819 2706 16.
838 2643 871 2701 τὰ
890 2651 1022 2715 πλείονα]
1042 2651 1080 2718 τη]
1097 2634 1189 2698 moliri
1198 2645 1268 2697 coni.
1277 2647 1305 2696 B.

288 2735 327 2786 ¹7·
340 2716 528 2771 ἀποτείνοντα
546 2715 587 2769 ed.

215 2820 410 2872 Verumtamen
440 2818 490 2870 ubi
515 2819 614 2871 iudicii
640 2818 805 2889 disceptatio
832 2821 944 2883 aderat,
964 2836 1014 2889 por
1037 2819 1226 2874 fidelissimum
1244 2821 1305 2874 sibi

215 2888 374 2944 eunuchum
392 2889 575 2942 necutiandunr
592 2889 650 2940 illis
668 2890 796 2946 curabat:
822 2892 942 2955 ,‚Abite,
965 2892 1016 2943 viri
1038 2894 1153 2960 optimi,
1172 2893 1306 2961 lucroque

215 2960 366 3030 apponite,
384 2959 460 3031 quod
480 2960 555 3014 salvo
574 2961 665 3029 capite
684 2961 785 3025 ebitis,
802 2980 862 3013 narn
886 2979 919 3012 ue
937 2961 1139 3029 magistratibus
1168 2963 1240 3014 diem
1259 2961 1306 3013 di·

215 3046 276 3083 cere
294 3046 465 3100 nequequam
493 3032 582 3082 licet“
623 3031 695 3082 'sum
723 3032 765 3083 illi
790 2980 984 3094 discedebant,
1011 3031 1187 3093 bisantius,
1214 3033 1306 3099 capita

216 3116 264 3151 sua
284 3109 501 3165 contrectantes,
521 3108 549 3151 et
567 3101 648 3170 plane
668 3103 798 3164 contenti,
820 3105 894 3171 quod
913 3121 943 3154 eo
962 3100 1111 3154 cervicibus
1129 3102 1218 3154 adhuc
1236 3101 1305 3153 hae·

216 3177 316 3222 rerent,
352 3169 408 3238 Qui
425 3178 517 3222 autem
539 3169 683 3222 Cadmeam
702 3172 844 3223 victorium
862 3174 1008 3234 retulerat,
1029 3175 1115 3224 multo
1134 3177 1187 3224 iam
1206 3172 1305 3224 inseii-

216 3241 369 3301 cior-erat,
394 3247 451 3291 tum
468 3241 533 3309 quia
552 3242 747 3309 praefecturam
765 3244 832 3295 olim
852 3244 927 3293 omni
952 3258 1001 3292 suo
1028 3246 1195 3309 patrimonio
1221 3244 1306 3294 rede-

216 3317 318 3372 merat,
336 3319 395 3361 tum
413 3311 479 3379 quia
497 3326 585 3378 nuper
605 3311 793 3380 praefecturae
822 3312 896 3364 lucra
914 3312 957 3364 his
983 3313 1093 3366 insidiis
1122 3323 1149 3366 et
1174 3314 1305 3365 crimina·

215 3379 339 3432 tionibus
356 3379 546 3449 propulsandis
566 3378 736 3433 insumserat.
780 3383 868 3453 Atque
895 3381 1052 3434 huiusmodi
1077 3382 1219 3436 fraudibus
1251 3382 1305 3434 do-

215 3465 276 3502 mus
300 3467 393 3502 omues
415 3449 591 3502 facultatibus
618 3452 819 3504 vacuabantur:
844 3455 1000 3522 passimque
1025 3453 1119 3506 videre
1139 3461 1197 3505 erat
1214 3452 1306 3522 magi-

215 3527 349 3572 stratuum
369 3519 442 3571 bona
461 3520 616 3589 publicata:
636 3523 722 3574 veluti
740 3524 780 3573 ait
797 3525 928 3574 comicus:
953 3524 1029 3579 „Viri
1046 3524 1185 3592 publicum
1204 3541 1305 3575 munus

215 3593 333 3657 gerentis
352 3590 462 3658 publica
484 3599 526 3642 est
544 3594 687 3659 pecunia.“
724 3591 780 3661 Qui
793 3602 885 3644 autem
908 3595 1012 3656 nescit,
1032 3595 1156 3664 quisnam
1174 3593 1305 3656 comicus,

215 3662 240 3712 is
259 3660 386 3730 indignus
407 3662 515 3731 estqui
539 3661 607 3712 haec
630 3663 713 3730 legat.
756 3664 801 3716 Sic
826 3664 909 3731 igitur
931 3664 1120 3715 Herennianus
1149 3662 1305 3726 Hieracem,

217 3731 267 3800 qui
278 3731 394 3805 plurima
413 3732 478 3782 item
496 3731 677 3800 impenderat,
696 3732 920 3802 comprehensum
930 3734 1020 3800 coegit
1037 3751 1139 3803 poenas
1157 3734 1233 3786 luere
1253 3749 1306 3785 ne·

218 3800 272 3862 cia,
308 3818 388 3871 quam
416 3802 553 3853 Fravittuc
581 3803 722 3860 intulerat.
759 3804 809 3855 ilic
833 3813 924 3855 utitem
949 3804 1058 3856 nominc
1078 3804 1179 3856 llierux
1199 3804 1233 3855 ab
1260 3821 1304 3866 co,

238 3870 267 3920 ui
282 3871 361 3938 plura
379 3869 568 3939 impenderat,
590 3879 727 3943 tamquam
746 3874 780 3924 ab
801 3875 894 3945 aquila
911 3882 1064 3942 correptus,
1083 3873 1198 3925 luscinia
1216 3875 1304 3924 evasit

246 3939 372 4002 esiodea‚
402 3955 471 4009 quae
497 3942 599 4007 potiori
626 3960 675 4011 par
697 3960 828 3996 essenon
847 3944 944 4012 potuit.
980 3944 1052 3995 Tum
1069 3951 1097 3995 et
1116 3945 1173 4012 ipsa
1193 3943 1304 3993 demum

219 4007 313 4078 aquila
329 4008 401 4061 nihil
422 4010 530 4063 distulit
548 4028 563 4062 a
580 4012 705 4075 luscinio,
723 4015 777 4066 uisi
793 4014 866 4085 quod
885 4012 919 4062 ad
935 4023 1094 4075 extremum,
1112 4021 1142 4064 ut
1160 4023 1202 4064 cst
1217 4015 1247 4063 in
1262 4014 1303 4064 la-

219 4076 294 4143 buta,
312 4079 341 4131 in
358 4096 467 4133 corvum
477 4080 574 4145 desiit,
585 4084 628 4134 cui
643 4085 751 4154 plumae
759 4092 894 4155 tamquam
906 4084 996 4138 alicua
1006 4102 1047 4137 res
1056 4093 1165 4155 creptae
1181 4085 1302 4136 luerunt
