2744 5182
248 243 332 362 548
533 269 880 354 muuovnrsn
912 265 1050 350 noran

245 430 336 512 οὗτος
355 437 419 502 τῶν
444 432 613 518 βασιλείων
634 431 830 521 ξιφηφόρων.
870 436 1025 520 Spatharii
1043 458 1061 496 a
1081 435 1200 496 Ietinis
1219 432 1326 495 dicun·

247 533 318 605 tur,
339 545 416 605 quos
437 525 479 584 sic
500 521 645 582 describit
665 522 813 601 Corippus
835 519 865 580 in
882 520 935 579 lib.
957 522 1007 582 3.:

442 605 584 684 Armiger
597 603 710 664 interea
728 605 847 664 domini
861 605 984 684 vestigio
1004 603 1131 662 hotrum

440 688 562 747 Eminet
577 689 708 747 excelsus
729 708 816 768 super
830 687 931 746 οιαιιία
956 688 1065 746 vertr'ce
1083 684 1208 745 Nor-ses.

326 769 403 850 Pag.
429 791 496 830 roo.
512 767 645 851 C.[284,
659 767 703 850 3.]
728 756 1000 845 Ουῖφοὺροις,εἷτα
1016 761 1147 838 Ζάλοις.
1163 768 1242 849 Peg.
1259 783 1328 848 109.

242 853 278 916 Β.
301 847 470 932 Οὖϊγοῦροι
490 851 633 911 dicuntur
654 851 762 910 Turcis
775 851 875 910 vicini.

238 1007 243 1015 .
325 936 403 1016 Pag.
430 955 501 994 loo.
516 931 650 1035 C.L284‚
674 930 720 1015 5.]
745 922 795 992 ὅτι
818 927 931 992 ἐπείοῖ
954 919 1104 1012 ἄρχοντες
1121 932 1197 995 τῶν.
1223 930 1328 993 sethe

242 1039 311 1079 meo
339 1016 472 1100 periculo
503 1009 532 1076 oi
561 1035 710 1096 αρχοντες
725 1010 849 1075 Ἀνιῶν.
890 1014 931 1074 Et
951 1013 1041 1096 paulo
1064 1025 1155 1096 post,
1181 1015 1238 1076 ubi
1254 1013 1325 1095 legi-

242 1112 294 1161 tur
331 1093 510 1176 πιεζόμενοι
540 1096 568 1158 δ’
600 1086 658 1159 οὖν
686 1103 762 1168 ταῖς·
780 1097 842 1156 τῶν
870 1099 940 1158 πολ.
976 1094 1167 1174 ἐπιδρομαῖς
1196 1093 1326 1172 οἴονται,

240 1182 308 1266 lege
340 1181 414 1242 εἰιιδ
435 1186 527 1258 ομαῖς
556 1173 584 1239 oi
605 1169 726 1240 ’Λιταα
750 1178 814 1239 Neo
839 1179 936 1240 multo
958 1189 1026 1260 post
1053 1179 1211 1240 emendo:
1242 1197 1328 1259 περι-

239 1267 390 1345 βέβληται
407 1203 540 1340 ninivem
559 1261 593 1322 ἐν
607 1254 759 1339 ”Arcam
784 1262 891 1322 deinde
909 1263 941 1322 in
964 1261 1069 1322 eodem
1086 1264 1186 1344 capite
1210 1262 1325 1324 scribe:

241 1341 368 1424 ἔτεμνον
389 1341 448 1425 τὴν
466 1347 523 1423 γῆν
543 1339 606 1404 τῶν
623 1336 758 1420 'Anaia
782 1344 865 1425 quod
889 1343 1011 1426 quidem
1038 1345 1134 1404 miror
1164 1345 1206 1405 ab
1232 1346 1325 1404 luter·

242 1441 328 1511 prete
358 1450 419 1488 non
450 1425 694 1487 animadversum
727 1425 827 1488 fuisse.
862 1427 910 1488 De
928 1427 1019 1487 Antis
1048 1428 1119 1489 vide
1144 1427 1327 1510 Procopium

241 1523 273 1572 et
289 1510 462 1572 Iordanem.

167 1592 169 1595 ’
324 1593 406 1673 Pag.
434 1611 501 1651 101.
519 1589 559 1651 D.
572 1588 661 1673 [286,
676 1588 742 1733 aa]
763 1592 844 1674 Lege
864 1589 1119 1672 ἕγκαθιιργμένοι
1141 1582 1215 1654 εἶεν.
1244 1593 1326 1670 Quae

242 1673 354 1735 deinde
375 1684 554 1754 sequuntur,
576 1684 647 1734 sunt
677 1695 711 1734 ex
739 1673 807 1735 ibro
821 1696 857 1736 n.
876 1675 1071 1735 historiarum
1088 1675 1272 1751 Menandri,
1292 1673 1327 1735 de

238 1755 344 1839 legatis
370 1755 531 1832 Avarum,
575 1758 627 1837 qui
652 1758 818 1838 imperante
835 1759 960 1818 ,Iustino
990 1759 1171 1839 Byzantium
1197 1778 1323 1833 venere,

238 1851 275 1900 ut
289 1839 434 1900 solemnia
451 1860 588 1912 munera,
611 1859 689 1920 quae
709 1862 728 1899 a
744 1841 910 1902 Iustiniano
925 1840 994 1921 ipsis
1012 1841 1078 1899 dari
1095 1851 1324 1914 consueverant,

239 1922 281 1983 ab
297 1923 413 1983 Iustino
435 1942 558 2020 quoque
568 1925 764 2004 acciperent,
786 1923 890 1983 fascias
906 1921 1019 1984 scilicet
1039 1943 1115 1983 auro
1138 1927 1324 2005 variegatas,

239 1998 354 2084 σειρὰς
372 2015 402 2063 et
429 2004 570 2064 καλωδια
608 2016 696 2065 vocat
726 2006 905 2066 Menander.
955 2006 994 2065 lis
1017 2017 1118 2066 autem
1146 2007 1248 2068 fasciis
1277 2008 1332 2065 seu'

262 2087 381 2146 randeis
403 2084 522 2147 Abares
544 2107 661 2147 comam
676 2088 865 2159 vinciebant,
888 2099 922 2148 ut
941 2087 1030 2148 docet
1051 2087 1181 2150 historia
1197 2086 1325 2150 Miscet

238 2108 294 2229 iib.
315 2168 377 2251 16„
395 2168 476 2229 unde
499 2169 645 2252 Corippus
666 2171 698 2230 in
715 2170 768 2231 lib.
798 2192 823 2230 1.
842 2171 929 2233 dicit:

254 2296 260 2313 .
302 2313 306 2318 ,
404 2284 484 2297 --
500 2254 707 2314 colubrimodis
728 2254 862 2314 Aboram
886 2276 957 2335 gens
980 2276 1063 2315 nera
1080 2257 1216 2339 capellis.

239 2330 338 2394 Porro
360 2332 433 2394 haec
450 2332 559 2414 legatio
579 2336 719 2396 Avarum
740 2337 912 2418 introducta
938 2347 983 2398 est
1005 2338 1054 2397 die
1070 2360 1101 2420 φ.
1114 2350 1186 2420 post
1201 2343 1323 2418 inaugu-

241 2417 391 2476 rationem
410 2418 517 2476 lustini
538 2417 690 2495 iunioris,
711 2429 787 2480 teste
799 2419 929 2502 Corippo
948 2421 982 2480 in
998 2419 1052 2481 lib.
1062 2420 1112 2481 δή

436 2497 570 2582 Septimo
588 2500 645 2561 lux
661 2501 778 2563 aderat·

239 2587 270 2638 et
292 2598 377 2659 mox,
645 2646 649 2657 ,
1208 2642 1209 2645 ,

436 2663 561 2745 Legatos
578 2664 715 2727 Avarum
735 2672 824 2729 tiosos
839 2671 951 2729 intrare
965 2668 1111 2750 Magister

439 2748 520 2808 Ante
532 2748 622 2827 som
636 2771 736 2811 sacras
757 2751 878 2812 divinae
896 2753 1013 2812 ιιιιαιίαι
1030 2751 1144 2830 Ᾱιιὶαε,

439 2829 566 2891 Orontes
589 2854 649 2892 sese
672 2836 796 2914 vestigia
813 2856 900 2894 saera
918 2835 1021 2895 videre
1102 2894 1107 2904 ,

438 2912 593 2974 Clementis
611 2917 742 2976 domiai:
760 2938 831 3002 quos
852 2937 925 2978 voce
940 2931 969 2977 et
990 2931 1085 2978 mente
1104 2915 1238 2998 benigm

435 2993 571 3078 Imperat
585 3000 689 3058 acciri.

239 3073 368 3156 Reliqua
395 3074 518 3160 Corippi
543 3081 675 3140 namatio
692 3101 762 3141 cum
782 3081 942 3154 Menandri
964 3081 1089 3142 historia
1113 3101 1243 3162 prorsus
1257 3100 1320 3142 oon·

258 3159 330 3216 ruit.

235 3176 257 3238 g
322 3237 401 3320 Pag.
418 3242 486 3302 103.
498 3238 647 3384 (λὲαφο,
661 3241 703 3326 ι.]
717 3241 750 3317 ἐς
769 3239 904 3325 τὴντῶν
920 3239 1075 3327 Φφάγγων
1082 3239 1212 3326 χώραν.
1245 3246 1320 3306 Abs-

238 3338 287 3381 res
352 3331 379 3381 st
398 3334 526 3384 mortem
570 3325 690 3386 lotharii
713 3326 744 3388 in
760 3327 878 3389 Thurin
901 3333 958 3390 'am
983 3332 1180 3410 irruperunt,
1211 3340 1245 3390 et
1262 3349 1321 3390 cun

238 3341 402 3486 Sigisbierto
418 3404 532 3466 bellum
548 3429 678 3489 gessere,
699 3420 735 3469 ut
752 3411 857 3472 scribit
903 3411 990 3472 aulus
1007 3413 1038 3470 in
1055 3411 1128 3472 hist.
1150 3412 1321 3495 Longobut·

239 3486 350 3547 dorum
365 3486 418 3547 lib.
446 3508 476 3548 a.
502 3510 569 3570 cap.
587 3512 634 3550 10.
666 3501 697 3574 et
714 3493 876 3575 Gregorius
893 3496 1079 3555 Turonensis
1099 3494 1156 3555 lib.
1181 3495 1235 3575 4.,
1249 3492 1320 3578 qiud

239 3570 407 3649 notandum
425 3581 471 3630 est
490 3573 652 3655 contigisse
665 3595 746 3636 anno
757 3579 855 3658 primo
872 3579 976 3638 lustini
993 3577 1136 3637 iunioris.
1159 3578 1247 3639 Male
1262 3596 1321 3658 ugo

240 3650 433 3712 Hermannus
453 3653 631 3716 Contractus
661 3679 741 3718 anno
757 3659 832 3737 561,
858 3661 890 3720 id
911 3660 1003 3722 refert
1028 3661 1247 3743 quinquennio
1262 3670 1321 3721 ame

238 3731 397 3794 iustiniani
415 3747 555 3798 mortem.

323 3816 400 3898 Pag.
417 3819 630 3904 103.c.[290‚
646 3820 692 3905 a]
706 3819 874 3904 ἀντιλογίαν
890 3817 1126 3902 θαυμάσαντες.
1168 3825 1247 3889 Post
1258 3826 1320 3888 luet

239 3900 333 3960 verba
349 3902 432 3981 sequi
451 3900 541 3962 debet
562 3903 670 3986 legatio
693 3906 799 3967 Iustini
813 3908 852 3967 ad
873 3909 1001 3986 Persas,
1022 3928 1104 3988 quae
1119 3909 1318 3992 refertmpag·

243 3980 312 4059 148.
327 3980 366 4042 A.
376 4027 386 4058 ,
401 3984 483 4064 quod
494 3986 616 4065 quidem
627 3989 782 4050 manifeste
789 3992 980 4050 convincitur
992 4010 1026 4049 ex
1045 3989 1109 4052 illis
1122 3992 1240 4066 verbis,
1369 4052 1370 4055 ,

238 4061 280 4120 ibi
295 4061 437 4144 leguntur
448 4066 505 4126 sub
521 4070 660 4132 initium:
687 4070 919 4152 παρενεγγύησε
939 4071 975 4132 δέ
992 4092 1049 4149 μοι
1069 4071 1192 4156 [scribe
1221 4071 1259 4151 oi,
1286 4069 1314 4130 ἆ
1365 4118 1366 4122 1

235 4141 296 4227 μὲν
314 4144 373 4205 τοῦ
386 4145 550 4230 ἐμφανοῦς
572 4147 764 4238 ἅνακὴρνξιν
779 4147 977 4238 ποιήσασθαι
997 4153 1054 4238 τῆς
1078 4147 1257 4231 αὗτοῦ,εἰιι“
1266 4146 1311 4236 tit
