2744 5182
243 225 328 312 526
519 247 719 316 russorum
747 241 1040 314 rtummrcus.

241 411 305 474 Nec
325 413 408 495 prius
428 411 536 472 enituit
561 410 677 492 pietas,
698 427 788 490 quam
808 406 885 468 tectis
907 393 1037 482 saluis(

241 512 289 573 Ex
310 514 460 594 insperato
480 509 604 570 dederat
624 528 714 591 quam
734 507 854 569 Numen
875 506 1010 590 Olympi.

242 611 310 671 Hoc
329 632 380 670 rex
402 611 589 691 omnipotens
608 610 640 668 in
661 603 748 669 vobis
768 609 831 689 ipse
851 606 1012 690 probavit,
1032 618 1034 623 ’

238 710 306 788 ¹Qui
326 711 441 793 peperit
459 707 607 768 mundum
621 727 638 784 ‚¹
651 708 704 790 qui
726 701 839 767 lumine
859 716 967 766 cuneta
987 715 1115 784 mettin,

204 824 205 831 ’
243 809 343 888 Quem
364 806 499 869 recolens
518 807 619 869 animo
638 808 791 893 venereris
808 815 927 888 tempus
944 804 977 865 in
995 825 1108 885 omne,
1166 800 1173 814 '

240 907 425 991 Pignorib'us
448 906 544 989 dignis
561 905 719 967 decoratus
737 907 888 989 sanguinis
907 907 981 986 apti.

325 1006 402 1067 Nam
421 1005 496 1089 quid
516 1021 747 1066 commemorem
767 1003 854 1066 Pauli
876 1004 1032 1065 mitissima
1049 1004 1168 1083 corde,

245 1106 345 1184 Quem
365 1106 421 1167 tibi
441 1107 595 1188 coniungit
613 1106 767 1165 munimen
790 1103 886 1164 leudis
903 1103 1062 1184 honestes,

242 1205 311 1267 Non
329 1205 426 1267 solum
446 1206 563 1289 generis
583 1204 746 1266 venerandi
765 1203 885 1265 vincula
908 1211 1021 1265 sacre?

243 1305 323 1368 Nam
343 1326 441 1366 mores
460 1306 595 1388 sequitur
614 1303 779 1366 mediocres
799 1315 920 1387 pectore
939 1309 1032 1364 casto.

327 1406 392 1467 Ore
411 1426 518 1466 canam
538 1422 670 1488 quonam
692 1405 808 1487 pietatis
831 1402 963 1464 culmina
982 1408 1103 1485 tantae,

246 1504 316 1582 Qua
334 1503 434 1566 fratris
454 1514 541 1566 natos
561 1505 662 1565 animo
681 1502 885 1586 complecteris
906 1523 1025 1585 nequo,
1269 1502 1318 1587 295

244 1604 312 1665 Nori
334 1607 435 1685 patrui
452 1614 595 1685 tuntum,
613 1603 666 1665 sed
683 1606 775 1686 petris
790 1623 876 1663 more
892 1602 1036 1663 colendo?

250 1700 357 1763 indole
376 1723 451 1784 quos
475 1706 574 1765 nutris
589 1702 695 1786 dignos
714 1714 744 1764 et
766 1705 859 1786 stirpe
877 1713 1049 1786 parentum.

244 1801 369 1884 Hypatii
386 1804 477 1864 vestri
494 1804 622 1864 referem
638 1803 797 1864 fortissima
816 1803 909 1879 sacta,
1045 1788 1046 1791 Ἴ

245 1902 308 1978 Qui
329 1900 486 1983 Scythicas
503 1913 606 1984 gentes
629 1904 703 1986 ripis
722 1901 845 1984 depellit
862 1902 901 1963 nb
920 1903 1034 1982 Histri,
1115 1922 1121 1930 ‘

245 1994 346 2080 Quem
359 1996 436 2062 vidit
451 2000 587 2063 validum
601 2001 750 2077 Parthus,
774 2001 925 2088 sensitque
940 2002 1137 2063 timendum?
1271 2001 1317 2062 ico

329 2101 414 2177 Quas
428 2099 532 2162 laudes
548 2103 669 2164 meritas
685 2101 839 2185 Augustas
861 2103 961 2164 dicere
981 2103 1124 2184 possim?

243 2195 362 2260 Auctor
384 2221 461 2283 quae
479 2198 576 2262 inem
596 2212 751 2263 tentorum
764 2213 795 2264 et
815 2223 905 2264 causa
928 2203 1099 2280 bonorum,

243 2298 331 2371 Dum
344 2302 479 2381 patrium
502 2302 602 2363 munit
622 2313 686 2362 tam
702 2301 789 2363 firmo
810 2305 945 2387 principe
964 2323 1112 2384 regnum,

245 2395 459 2481 Permittitque
476 2402 543 2462 viro
562 2401 711 2463 mundum
728 2420 850 2486 seseque
868 2402 1024 2463 tuendam.

246 2495 292 2565 Ex
316 2499 398 2558 omni
414 2519 517 2561 sensus
531 2503 643 2562 invicta
660 2503 801 2585 cupidine
817 2524 929 2585 prave,

246 2593 340 2657 Cuius
351 2597 431 2658 sumn
445 2599 513 2682 piae
534 2599 678 2683 vulgatur
701 2604 734 2662 in
754 2602 895 2663 omnibus
909 2604 981 2663 oris.

244 2692 320 2756 Plus
340 2695 410 2758 iecit
432 2718 525 2780 quam
547 2700 630 2781 quod
648 2722 735 2763 sexus
754 2708 937 2763 concesserat
955 2701 1023 2779 illi,

247 2791 382 2857 Provida
399 2816 468 2858 cum
488 2807 608 2865 tantum
628 2800 767 2862 Romano
789 2801 903 2885 profuit
922 2801 998 2862 orbi.

329 2895 471 2976 Numen,
493 2898 575 2982 quod
594 2900 738 2979 caelum,
759 2912 871 2963 terram
895 2912 1083 2983 pontumque
1104 2901 1233 2974 revisit,

247 2992 389 3056 Ausoniis
404 3008 503 3058 servet
524 3003 625 3082 regnis
643 3000 717 3062 haec
730 3017 857 3062 munera
873 3022 1006 3081 semper,
1273 2996 1319 3057 3¹⁰

246 3091 466 3178 Barbariaeque
480 3097 560 3159 ferne
581 3101 700 3181 capiant
726 3104 794 3183 iuga
812 3122 884 3162 vera
903 3102 1064 3179 subactus,

250 3190 389 3276 Votaque
407 3195 565 3259 firmentur
580 3200 685 3282 populi
705 3202 863 3283 ‘sanctique
879 3211 1013 3262 senatus.
