2774 5122
372 585 636 681 nundinum
665 585 870 653 nrsromt.
1071 556 1164 689 367¹

71 742 165 825 δίκην
194 729 333 825 ῦτροοτον
361 734 460 821 εἶναι,
490 743 749 828 προυργιαίτερον
771 741 849 811 ἔθου
875 740 1026 831 σώφρονα
1047 749 1294 831 umeri-octos

74 845 155 904 σθαι
176 836 324 922 λογισμὸν
344 832 366 924 ἢ
384 848 479 925 χεῖρα
500 842 644 924 δυνατήν.
673 844 841 926 ’τοιγαροῦν
863 842 1001 928 ἒποιησιο
1021 842 1079 930 την
1100 833 1304 958 οῦκΙῙ”“Ῑ·,“0,6

72 933 210 1022 σῖνοὶγκην
221 934 367 1023 ἀνάγκην,
389 941 445 1003 καί
454 942 497 1027 τῷ
509 939 638 1028 γενναίιρ
650 942 704 1023 τῆς
714 942 1153 1032 μεγαλοφροσύνηςὲψηφίσω
1163 914 1259 1026 pum

72 1035 153 1102 κατὰ
170 1040 299 1120 σαυτοῦ,
312 1037 368 1101 καί
378 1040 466 1127 νικᾷν
486 1039 622 1122 ἠξίωσας
638 1035 805 1124 ἡττημένος
821 1043 877 1104 τοῦ
897 1044 1077 1125 πρέποντος,
1101 1048 1159 1111 καί

50 1133 181 1212 ὅῦπλῦς
203 1138 454 1225 ρι’πεκατέστησας
475 1136 553 1222 ἡμῖν
574 1137 719 1223 Λαζικην
739 1133 844 1224 τῦσπερ
868 1137 978 1205 οἰκεῖόν
997 1165 1030 1206 τι
1052 1146 1156 1227 κτῆμα

70 1234 224 1317 μεταθεῖς
244 1234 300 1299 καί
317 1235 373 1321 τὴν
395 1236 542 1316 ἐξουσίαν
562 1236 746 1321 μεταγαγών
768 1239 820 1326 ἐφ’
840 1237 934 1324 ἡμᾶς.
977 1239 1034 1306 οῦκ
1052 1233 1156 1320 ἄλλως

73 1336 112 1398 δὲ
144 1335 199 1399 καί
226 1334 301 1419 περί
320 1338 474 1413 Σουανίας
495 1337 742 1420 ἀντιβολοῦμεν,
772 1334 808 1402 τὸ
831 1339 944 1403 οἰκεῖον
965 1348 1080 1423 προῖκα
1099 1346 1157 1405 λα-

71 1439 158 1518 βεῖν·
187 1437 243 1499 καί
265 1433 364 1520 χάριν
384 1437 419 1501 δὲ
441 1431 643 1521 ὁμολογήσειν
663 1436 857 1522 ἧμῦςῦμῖν,
892 1439 936 1526 τῷ
954 1435 999 1523 μη
1019 1439 1157 1523 ἐζημιοῦ-

72 1531 199 1598 σθαιτό
223 1556 285 1598 οικε
473 1537 509 1601 δὲ
527 1538 571 1625 aqi
591 1539 750 1627 κρείττονι,
770 1542 813 1628 τῷ
834 1535 993 1603 δύνασθαι
1008 1541 1156 1603 τοσοῦτον

29 1627 153 1698 nodare
174 1634 349 1717 δωρεῖσθαι
370 1637 472 1700 δοκεῖν
493 1635 551 1700 καί
566 1634 602 1701 τὸ
622 1635 667 1721 μη“
690 1636 870 1723 ῦμὲτερον.”
891 1638 947 1703 καί
965 1636 984 1702 ὅ
1005 1637 1156 1721 βασιλεῦς

70 1729 174 1809 ἔλεξεν
195 1725 274 1797 ὧδε·
316 1727 424 1815 „edm
446 1737 526 1819 δῆτα
547 1735 657 1819 Ψυχὴν
677 1735 778 1819 λόγων
797 1735 997 1824 χηρεύουσαν
1020 1737 1076 1802 καί
1095 1740 1155 1803 τοῦ

24 1882 27 1888 .
70 1831 195 1894 πείθειν
214 1828 330 1916 ἔρημον
351 1829 489 1918 εὑροῦσα
508 1830 528 1920 ἦ
545 1838 600 1921 τῆς
617 1839 733 1922 σοφίας
751 1834 897 1919 δῦναμις,
918 1840 1181 1924 περιφρονοῦσαῦ

69 1930 107 1994 τό
128 1931 258 2006 α’σθενὲς
278 1934 544 2018 καταγωνίζεται,
575 1931 681 2021 αἳσπερ
703 1932 871 2021 φάρμακον
891 1934 926 2002 ἐν
953 1939 1036 2001 ἕλκει
1056 1958 1155 2022 προσ-

70 2025 287 2112 πλαττόμενον
314 2028 564 2117 καταβιβρῦσκτι
593 2035 654 2116 μὲν
680 2031 717 2099 ad
738 2040 870 2120 νοσοῦν,
895 2037 1161 2121 συναναζωπυρεῖ

29 2124 111 2194 τὸῦὲ
138 2127 195 2215 την
228 2128 337 2212 ὑγείαν
368 2135 413 2221 τῷ
442 2133 610 2215 κάμνοντι.
664 2137 696 2199 εί
718 2136 778 2219 γὰρ
806 2133 842 2201 τῦ
867 2136 988 2200 δίκαιον
1008 2135 1066 2199 οῦκ
1087 2128 1155 2198 εἶπέ

72 2252 173 2310 τισιν,
194 2225 228 2293 εἴ
245 2256 287 2315 πη
308 2233 345 2296 δὲ
363 2219 399 2297 τὸ
423 2229 591 2317 ἁρμόδιον,
626 2234 720 2300 otidis
741 2226 831 2319 ἧττον
850 2237 905 2298 καί
915 2229 1002 2298 οὕτω
1025 2234 1155 2316 κινήσει.

71 2332 239 2412 τοιγαροῦν
257 2329 278 2414 ἦ
299 2330 398 2417 σοφία
417 2330 531 2397 τοῦτου
552 2334 642 2397 ἕνεκα
663 2335 720 2417 τῆς
740 2332 851 2414 ἰσχύος
870 2335 934 2396 roias
955 2327 1060 2396 ὅπλων
1080 2355 1157 2417 κρα-

70 2437 136 2508 τεῖ,
164 2423 216 2493 ὅτι
234 2432 370 2527 πολέμου
391 2431 451 2512 μὲν
481 2430 616 2514 δῦναμις
643 2433 706 2514 οῦχ
734 2434 820 2497 niara
847 2432 970 2516 πέφυκε
998 2432 1056 2495 τοῦ
1075 2453 1157 2515 πραι

73 2525 165 2590 natos
185 2530 357 2610 γενέσθαι,
392 2530 422 2594 εἰ
446 2530 492 2615 μη’
522 2556 572 2595 πω
604 2530 660 2596 καί
675 2526 791 2615 ἑαυτην
824 2527 905 2614 αῦτη
926 2524 1156 2613 ῦιαχρὴσεται,
1202 2528 1210 2587 “,

24 2620 113 2693 nord
145 2626 180 2712 dd
205 2630 262 2710 τῆς
286 2626 402 2715 σοφίας
422 2619 591 2712 ἇσοῦματον
621 2628 677 2695 κατ’
696 2627 847 2716 φρούριον
870 2632 1062 2714 καθέστηκεν
1081 2623 1158 2692 ἑαυ-

75 2721 149 2808 τη”ς·
180 2723 254 2812 πρός
281 2750 319 2812 γε
345 2727 403 2792 καί
430 2739 570 2816 φρουρεῖ
585 2725 639 2794 τὸν
658 2729 841 2814 κεκτημένον
862 2722 971 2813 αῦτὴν.
1011 2729 1157 2794 ἐντεῦθεν

73 2868 75 2872 V
146 2898 170 2950 8.
190 2893 221 2950 ct
239 2896 432 2970 ὁμολογήσειν
457 2899 507 2963 λλ,
535 2911 567 2952 σε
594 2898 676 2971 ῦμολ.
703 2901 774 2970 vulg.
897 2896 1090 2970 ταῦμέιερον
1108 2894 1157 2961 Ν.,

143 2965 266 3040 ὕστερον
283 2971 362 3093 τρληρ
434 2971 473 3058 τῦ.
492 2972 521 3022 εί
536 2969 587 3044 πη]
607 2974 686 3024 εἴποι
703 2974 774 3026 σοιτί.
792 2969 825 3022 Ν.
890 2989 930 3042 ¹9·
948 2969 1157 3041 περιγενέσθαι

143 3038 177 3091 Ν.
248 3038 316 3106 αῦτη
363 3079 380 3106 .,
398 3040 468 3113 αῦτη
487 3042 557 3113 vulg.

72 3183 189 3254 Quare,
214 3199 285 3254 qnae
303 3184 380 3236 notia
398 3192 456 3237 erat
480 3187 646 3247 necessitas,
680 3200 740 3236 earn
763 3187 861 3249 sponte
888 3180 940 3233 tibi
968 3181 1158 3234 necessitatem

72 3252 242 3323 imposuisti,
262 3265 290 3309 et
318 3271 449 3325 generoso
478 3256 582 3308 iudicio
604 3259 698 3308 contra
728 3261 755 3305 te
785 3252 874 3370 ipsum
891 3253 1096 3318 pronuntiasti:
1122 3249 1157 3301 ab

71 3323 220 3377 honestata
236 3334 264 3376 te
282 3325 383 3378 vietum
405 3341 463 3378 esse
482 3328 636 3385 confessus.
658 3325 741 3394 piane
759 3338 795 3374 nc
817 3326 840 3374 is
857 3321 982 3373 Lazicam
1002 3322 1158 3385 restituisti,

74 3403 104 3446 et
121 3402 253 3464 tanquam
272 3402 394 3448 nostrum
414 3398 554 3467 proprium
572 3395 768 3465 patrimonium
786 3407 844 3444 cam
864 3392 974 3445 tradens
992 3395 1051 3445 eius
1068 3393 1158 3462 possi·

74 3464 181 3518 dendae
200 3473 363 3534 potestatem
381 3467 408 3519 in
428 3483 478 3518 nos
496 3467 675 3527 transtulisti3
694 3463 768 3536 quod
782 3470 811 3514 ct
831 3460 904 3513 idern
923 3462 957 3514 de
974 3463 1075 3516 Suania
1092 3479 1158 3532 sop-

70 3536 160 3605 piices
186 3538 324 3604 petimus,
353 3543 384 3587 ut
417 3538 499 3608 gratis
530 3538 605 3609 quod
630 3536 710 3589 nobis
736 3533 876 3604 proprium
903 3542 961 3597 est,
985 3535 1157 3604 recipiamus,

75 3614 104 3658 et
123 3614 155 3659 ut
168 3622 217 3657 nos
233 3605 312 3659 robis
330 3609 427 3674 gratias
450 3606 615 3668 habeamus,
639 3604 714 3677 quod
734 3621 776 3667 co,
801 3602 875 3674 quod
893 3613 1014 3659 nostrum
1035 3613 1085 3668 est,
1103 3606 1157 3657 mia

73 3678 150 3728 nime
174 3692 224 3728 uos
250 3677 465 3732 mulctaveritis:
492 3695 539 3730 vos
566 3686 658 3730 autem
676 3692 781 3727 summo
802 3674 925 3738 numini,
953 3674 1028 3747 quod
1050 3683 1157 3727 tantum

97 3747 208 3807 otestis,
234 3755 266 3798 ut
288 3748 371 3800 etiam
400 3765 470 3819 quae
493 3755 582 3801 vestra
604 3763 661 3800 non
684 3754 762 3808 sunt,
793 3745 866 3797 dono
893 3744 958 3798 dare
980 3746 1155 3799 videamini.”

73 3763 134 3869 Rex
153 3824 244 3869 antem
262 3819 302 3870 ita
316 3817 472 3888 respondit:
499 3817 653 3890 „Equidem
671 3816 824 3886 sapientiae
841 3817 881 3868 vis
898 3817 920 3869 si
937 3816 1082 3869 offenderit
1097 3814 1159 3866 ani-

75 3904 150 3940 mum
169 3887 276 3941 ratione
301 3887 463 3941 destitutum
489 3897 517 3942 et
543 3887 725 3959 persuadendi
752 3887 883 3937 facultate
911 3887 1055 3947 orbatum,
1081 3882 1158 3954 qnod

75 3957 215 4010 infirmum
233 3968 262 4010 et
278 3958 448 4011 imbecillum
471 3968 529 4021 est,
552 3959 702 4028 prosternit
721 3964 749 4009 et
766 3957 897 4019 conterit,
926 3953 1158 4027 quemadmodum

76 4027 305 4082 medicamentum
324 4030 409 4082 ulceri
427 4028 580 4082 adhibitum
600 4030 770 4099 depascitur,
797 4025 826 4077 id
850 4025 924 4097 qnod
941 4025 1064 4078 dolorem
1082 4023 1159 4089 facit,

78 4106 108 4151 et
126 4101 270 4152 sanitatem
289 4101 410 4152 restituit
434 4102 592 4168 aegrotanti.
634 4098 766 4168 Quamvis
791 4098 866 4148 onim
888 4097 1002 4149 minime
1021 4097 1095 4146 iusta
1121 4095 1158 4146 sit

77 4186 121 4231 ea,
140 4186 212 4241 quae
231 4171 304 4238 apud
322 4169 479 4223 huiusmodi
497 4170 637 4223 hominum
656 4183 739 4237 genus
757 4166 877 4221 habetur
896 4168 1000 4229 oratio,
1019 4167 1042 4218 si
1062 4173 1156 4218 tamen

77 4247 150 4313 apte⁸
162 4248 191 4292 et
208 4242 341 4293 concinne
360 4241 525 4314 quisdicat,
553 4240 670 4294 dicendo
692 4239 802 4291 evincit
837 4238 876 4288 Ea
894 4236 929 4288 de
947 4252 1026 4289 causa
1044 4236 1156 4304 capien-

78 4311 119 4364 n‘a
135 4309 216 4378 longe
234 4327 370 4364 armorum
391 4313 444 4364 vim
462 4320 590 4380 superat,
613 4310 687 4380 qnod
705 4309 804 4362 bellica
822 4309 907 4358 victus
925 4321 979 4360 non
997 4305 1087 4374 possit
1103 4304 1157 4357 ali-

77 4380 156 4450 quod
174 4381 309 4452 egregium
328 4383 434 4437 facinus
451 4381 548 4445 edere,
575 4382 675 4434 nisiae
694 4381 779 4449 ipsam
798 4391 909 4448 quoquc
926 4384 1076 4440 consumat,
1093 4393 1159 4446 pru·

51 4497 55 4503 .
79 4454 176 4515 dentis
193 4465 286 4512 autem
303 4462 333 4508 et
355 4471 435 4510 suum
460 4454 547 4526 ipsias
569 4451 737 4525 praesidium
761 4446 939 4502 constitutum
956 4453 1015 4514 est,
1040 4454 1069 4503 ct
1089 4457 1161 4514 curn,
