2716 5078
460 571 514 635 DE
543 563 734 635 strumo.
1065 551 1132 627 ‘111

57 731 119 793 lieet
130 731 307 814 Ermapinm
323 729 490 791 andnemi
504 728 679 790 narratione
697 726 801 788 decem
821 727 983 803 annorum,
999 727 1051 809 qni
1071 747 1134 789 me-

56 832 93 892 dii
114 841 204 910 sunt,
237 830 395 891 historiam
417 827 604 909 exposuisse:
634 827 710 908 quin
736 827 837 907 potius
866 825 939 886 illuc
965 825 1136 909 degressum

54 951 112 990 esse
131 939 276 1011 apparet,
298 939 333 988 ut
352 927 513 989 referendo
532 925 685 1009 quomodo
708 925 838 1002 Hierax,
872 925 991 985 aemulo
1014 929 1066 1008 qui
1085 928 1134 988 vel
1260 982 1261 987 ,

55 1029 147 1109 ipsum
174 1029 308 1110 nequitia
338 1037 493 1110 superaret
521 1046 577 1108 per
606 1025 762 1106 Augustae
789 1026 947 1085 avaritiam
985 1023 1133 1103 traditus,

54 1148 103 1208 pro
122 1148 197 1187 nete
218 1127 375 1188 Fravittae
389 1147 471 1187 seras
491 1146 623 1207 poenas,
645 1135 856 1184 verumtamen
878 1144 989 1203 poenas
1002 1123 1132 1201 dederit,

52 1245 81 1285 te
99 1224 258 1286 solaretur.
294 1225 449 1303 Accedit,
478 1225 560 1307 quod
589 1223 699 1283 deinde
728 1223 768 1283 de
792 1221 958 1283 Stilichone
978 1222 1131 1305 loquitur,

56 1327 102 1406 (ρι’
122 1325 176 1385 diu
197 1337 269 1387 ante
297 1325 477 1386 Pulcheriac
495 1326 656 1407 imperium
677 1325 793 1383 occisus
814 1334 870 1383 est.

132 1429 238 1505 Quum
257 1424 409 1508 duplicem
425 1425 588 1486 editionem
600 1423 742 1484 historiae
753 1422 881 1484 Photius
894 1416 1029 1502 vidisset,
1052 1416 1133 1485 Con*

55 1527 246 1586 stantinianae
256 1524 388 1608 eclogae,
399 1536 434 1585 ut
446 1527 600 1606 inscriptio
614 1522 714 1599 docet,
728 1544 746 1582 e
758 1522 888 1583 secunda
900 1534 1037 1605 sumptae
1049 1536 1131 1602 sunt,-

57 1624 104 1684 ubi
122 1624 179 1685 loci
200 1622 348 1705 plurimi,
369 1627 402 1684 in
423 1623 533 1706 quibus
553 1626 681 1705 scriptor
701 1622 808 1683 rabido
829 1622 972 1684 adversus
987 1623 1132 1684 Christia-

57 1743 106 1784 nos
123 1724 194 1784 odio
214 1707 360 1784 effrenate
378 1723 554 1797 indulserat,
579 1723 620 1783 ita
640 1724 726 1782 recisi
747 1733 861 1800 ament,
881 1733 927 1796 ut,
950 1722 1062 1783 Photio
1082 1727 1131 1784 iu-

58 1821 136 1898 dice,
157 1823 278 1883 hiantes
296 1821 423 1884 lacunae
437 1832 635 1905 apparerent,
670 1831 700 1881 et
720 1823 873 1904 sequentia
894 1821 1026 1903 plurima
1045 1822 1131 1883 labo-

60 1932 151 1982 nient
168 1921 366 1982 ohsmrritatc.
410 1922 505 1982 Cuius
525 1924 591 1982 'vitii
612 1920 733 2002 culpam
754 1921 882 1982 Photius
902 1923 934 1981 in
957 1923 1132 2004 Eunapium

60 2018 146 2100 lpum
158 2021 296 2082 confert:
318 2024 529 2082 coniecturane
542 2021 651 2082 ductus
661 2041 701 2081 an
711 2012 882 2082 testimonio
888 2065 898 2096 ,
921 2043 983 2082 uon
1001 2034 1129 2085 constat.

60 2117 229 2202 Suiptorem
248 2120 423 2181 mutilatum
442 2142 519 2204 opus
539 2121 581 2181 ita
600 2120 755 2202 reliquisse
776 2131 810 2180 ut
830 2124 862 2182 in
883 2119 931 2180 his
964 2143 1042 2203 quae
1064 2143 1130 2181 rna-

62 2217 156 2280 nebant
173 2240 280 2280 sensus
299 2218 468 2297 laboraret,
489 2241 560 2281 sane
575 2241 636 2280 non
649 2219 807 2302 probabile
818 2231 874 2280 esta
916 2219 961 2279 Ac
974 2220 1037 2279 sieri
1051 2231 1132 2280 certe

63 2328 171 2399 ptest,
191 2329 229 2379 ut
249 2340 312 2379 non
334 2320 396 2401 ipse
415 2320 563 2401 scriptor,
585 2320 638 2380 sed
658 2319 847 2401 bibliopola,
870 2318 984 2377 indocti
997 2336 1132 2377 amanu-¹

64 2418 127 2477 ensis
148 2439 239 2500 opera
256 2416 388 2494 ,libros
413 2417 453 2478 ab
483 2420 520 2479 iis
551 2418 622 2478 locis
651 2420 703 2498 qui
736 2415 937 2478 vendentibus
963 2415 1132 2495 periculum

65 2528 184 2577 crearent
211 2516 343 2576 liberare
371 2517 506 2577 animum
527 2517 701 2576 induxerit:
735 2513 837 2596 qualia
858 2525 928 2574 sunt
948 2525 1128 2596 expurgata,

65 2634 128 2694 qtne
143 2627 271 2689 vocant,
294 2616 490 2697 exemplaria,
515 2637 592 2698 quae
613 2619 645 2675 in
666 2614 838 2698 regionibus
858 2613 911 2672 ubi
924 2613 1043 2673 decreta
1056 2634 1129 2674 con·

66 2712 117 2773 eilii
136 2716 304 2777 Tridentini
328 2727 448 2797 recepta
470 2717 593 2777 luerunt
619 2737 682 2776 non
702 2736 772 2775 raro
793 2724 970 2774 occurrunt.

125 2815 252 2897 Eunapii
264 2818 340 2893 vita,
355 2815 395 2875 ab
407 2816 504 2876 Hadr.
518 2817 607 2877 lunio
626 2817 807 2897 conscripta,
826 2816 857 2873 in
872 2812 1003 2874 editione
1018 2812 1057 2873 cl.
1071 2815 1133 2873 Βο·Ι

66 2910 175 2974 iuonadi
194 2915 317 2996 legitur.
347 2915 493 2976 Insanum
511 2915 642 2977 hominis
662 2918 694 2975 in
716 2936 780 2975 rem
794 2914 996 2974 Christianam
1012 2911 1129 2989 odium,

63 3015 133 3073 coins
153 3015 184 3073 in
200 3014 249 3078 bis
263 3034 342 3094 quae
356 3012 402 3073 ill.
413 3016 512 3076 Maius
532 3015 626 3076 edidit
639 3018 777 3096 iniquum
789 3014 828 3073 de
840 3034 950 3094 magno
957 3009 1129 3071 Theodosio

62 3111 189 3173 iudicium
209 3133 327 3173 novum
348 3112 469 3174 exhibet
491 3117 660 3196 specimen,
690 3113 882 3193 deliransque
904 3111 1075 3193 superstitio
1098 3111 1130 3168 in

61 3214 169 3273 somniis
188 3211 342 3294 religionis
368 3234 461 3294 quam
491 3225 588 3274 sectae
607 3216 655 3274 cui
679 3214 817 3274 addictus
837 3221 903 3271 erat
924 3208 1052 3270 asseclae
1072 3208 1129 3268 sibi

59 3309 215 3385 finxerant,
254 3313 411 3372 notissima
432 3324 527 3373 sunta
551 3324 658 3374 notum
679 3315 770 3374 etiam
788 3310 928 3372 dictionis
949 3320 1042 3390 genus
1062 3329 1129 3368 mo-

58 3406 156 3471 lestum
169 3422 199 3470 et
212 3409 412 3485 salebrosum,
435 3412 473 3472 de
485 3435 547 3495 quo
559 3415 650 3474 nimis
671 3412 832 3473 clementer
851 3410 965 3470 iudicat
984 3407 1128 3485 Photius3

57 3529 139 3590 quem
158 3511 197 3571 de
212 3511 345 3593 Ennapii
366 3511 493 3573 historia
513 3513 736 3574 disserentem
728 3535 787 3573 ram
800 3512 957 3572 audiamus
970 3507 1048 3589 (cod.
1064 3510 1128 3590 77).

126 3605 329 3690 Ἀνεγνοὶσθη
357 3602 520 3673 Εὖναιτίοο
549 3612 698 3694 χρονικῆς
729 3607 870 3699 ἱστορίας
890 3607 946 3689 τῆς
965 3601 1048 3686 μετὰ
1069 3603 1133 3668 Δί

56 3710 171 3788 ξασιον,
195 3710 268 3780 νέας
289 3701 490 3802 e‘atildcrocg,²
473 3733 508 3773 ον
527 3711 662 3791 βιβλίοις
682 3709 975 3793 τεσσαρεσκαιᾛιὶεκα
996 3696 1131 3787 ἄρχεται

54 3809 107 3885 lli?
124 3807 180 3927 (τῆξ
200 3802 344 3888 ἶσῐθθίας
365 3806 428 3869 οἱοὶ
448 3811 506 3892 τῆς
525 3806 693 3872 Κλαυδίου
713 3809 898 3889 βασιλείας,
919 3806 952 3878 ἐς
972 3800 1131 3878 ὃνΛεξίτι-

50 3928 97 4027 'up
115 3904 136 3988 ἡ
155 3902 281 4021 ἱστορία
302 3901 487 3987 καταλήγει,
504 3905 697 3995 οἷαοτελεοτσῖ
719 3909 755 3971 δὲ
777 3907 822 3981 εἰς
842 3903 900 3988 τὴν
915 3899 1063 3983 Ὁνωρίσυ
1077 3897 1132 3961 καί

50 4000 215 4089 {denudabo
233 4005 296 4067 τῶν
315 4003 487 4095 Θεοδοσιοο
508 4007 631 4072 παίδων
650 4005 831 4089 βασιλείαν,
850 3996 1036 4069 ἐκεῖνοντὸν
1052 3991 1131 4080 χρό-

54 4105 207 4177 mediae
225 4102 281 4185 τῆς
303 4099 442 4184 ἱστορίας
464 4104 695 4189 ποιησάμενος,
725 4101 762 4169 ὃν
788 4097 957 4187 Ἀροάνιος
985 4099 1044 4179 μὲν
1071 4117 1127 4157 τοο

51 4203 170 4285 'levesi
189 4227 245 4286 της
256 4200 421 4284 ἐκκλησίας
441 4201 593 4286 στόματος
608 4200 761 4271 Ἰωάννου
783 4203 993 4271 οἷαολσθὲντος
1013 4196 1057 4270 εἰς
1075 4190 1131 4258 τὸν

51 4291 267 4387 ι’ὲχιερατικόν
287 4294 407 4383 θρόνον
428 4302 627 4387 ἀνηγμένας
615 4300 794 4391 ιερσὶτεσεν,
813 4301 833 4388 ἡ
855 4301 890 4365 δὲ
910 4321 965 4364 τον
953 4297 1131 4378 tenant-

52 4419 134 4476 στος
159 4400 328 4483 ’Λρναδίοο
349 4397 429 4485 γονή
450 4400 528 4467 sard
555 4404 687 4489 γαστρὸς
714 4400 833 4486 ἔχουσα
856 4400 911 4463 καί
932 4395 1127 4478 α’μβλοόσασα

48 4498 99 4567 οὖν
124 4506 195 4586 βίον
221 4501 386 4573 dutum«
428 4493 522 4580 οὗτος
550 4499 567 4566 ti
588 4497 747 4577 Εὐνόστας
767 4495 944 4585 Σαρδιανὸς
963 4499 1022 4579 μὲν
1041 4495 1129 4576 ytres
