2716 5078
194 250 249 319 xli
622 246 858 318 mamiato.

191 407 361 464 bibliotheca
372 406 503 462 Caesarea
513 406 720 464 vindobonensi
730 424 870 478 superesse
881 363 1055 471 innotuisset,
1071 404 1143 461 anno
1160 410 1270 480 praete·

110 548 111 560 ,
193 514 248 566 rito
269 510 367 575 edidit,
385 512 424 564 ita
442 513 583 565 annotavit
600 518 632 563 nt
648 510 720 565 nihii
737 511 811 583 quod
828 510 892 563 addi
909 511 996 580 possit
1015 510 1077 563 aliis
1093 511 1270 584 relinqueret

192 617 285 683 Ipsum
303 615 467 685 grammatici
486 630 593 668 carmen
600 615 781 669 Bobiensibus
800 614 964 668 membranis
979 614 1087 669 erudite
1107 623 1136 669 et
1152 614 1269 686 diligen-¹

192 725 236 772 ter
252 721 398 790 seriptum,
421 720 456 772 ab
481 719 585 772 editore
603 718 672 772 adeo
690 725 814 774 accurate
833 733 988 789 expressum
1006 724 1055 784 ert,
1073 725 1106 772 ut
1131 718 1177 772 rix
1197 717 1269 772 nllus

193 817 430 876 emendationibus
449 823 480 875 in
497 839 530 875 eo
547 821 622 875 iocus
640 824 685 876 sii.

262 926 419 980 ParisiensIs
436 925 522 979 editio
541 928 611 979 eirea
630 939 771 996 operarum
792 943 895 981 errores
913 927 1019 980 eadem
1030 925 1164 997 flagitiosa
1180 923 1272 995 aegii-'-

120 1080 127 1094 ,
193 1030 284 1101 genus
303 1034 397 1082 curata
415 1036 457 1082 est
479 1046 533 1100 qua
555 1030 676 1102 reliquae
699 1035 764 1101 post
781 1028 1014 1094 Cantacuaenum,
1030 1037 1176 1100 antequam
1195 1027 1271 1079 Can-⁹

193 1134 253 1203 gius
272 1133 364 1202 operis
383 1147 474 1184 euram
492 1135 523 1186 in
542 1149 570 1187 re
586 1135 751 1213 susciperem
768 1132 862 1187 inutili
879 1141 908 1186 et
924 1133 1016 1187 fallaci
1036 1140 1162 1201 typorum
1179 1130 1273 1201 splen*

193 1234 261 1288 dore
279 1241 397 1288 ornatae.
422 1234 579 1305 Spbalmata
593 1236 675 1290 buius
692 1236 798 1306 generis
815 1251 866 1307 ope
882 1235 1096 1290 Hoeseheiianae
1111 1234 1272 1288 sustulimus
1347 1229 1351 1236 ’

190 1340 327 1411 plurimu
345 1342 488 1405 restituto,
507 1351 538 1396 nt
555 1341 590 1395 de
604 1341 755 1395 minoribus
772 1350 893 1407 taceam,
910 1357 989 1395 versu
1006 1341 1111 1408 integro
1131 1337 1179 1419 qui
1196 1336 1274 1389 exei-

193 1441 286 1509 derat3
309 1443 357 1494 sed
380 1444 415 1496 de
437 1443 481 1496 his
502 1445 659 1517 singulatim
678 1461 789 1499 monere
810 1445 948 1500 Beilserus
973 1446 1069 1501 vetuit
1106 1441 1271 1511 Ubicunque

192 1547 279 1618 igitur
296 1546 428 1601 eiusmodi
449 1549 551 1603 mentio
569 1551 742 1614 invenietur,
768 1550 797 1603 id
823 1559 937 1620 propter
951 1548 1116 1620 peculiarem
1133 1542 1271 1615 quandum

192 1653 327 1704 sationem
345 1647 458 1705 foetum‘
473 1661 532 1716 est,
558 1667 628 1724 quae
656 1660 748 1706 tamen
774 1652 888 1706 fortusse
914 1667 970 1703 non
987 1666 1094 1719 semper
1118 1646 1272 1719 apparebit.

193 1754 248 1808 Sed
273 1753 425 1828 quamlibet
452 1755 545 1808 multis
572 1755 717 1819 correctis,
741 1754 864 1808 editione
892 1756 948 1807 iam
971 1754 1028 1808 iere
1049 1751 1192 1815 abrointa.
1212 1752 1272 1806 sini

192 1857 329 1929 quaedam
356 1874 412 1912 nnn
438 1856 522 1909 inisse
548 1859 749 1911 animadversa:
777 1857 969 1930 quamobrem,
1000 1858 1097 1910 iterata
1124 1850 1271 1909 collatione

191 1962 313 2015 universi
331 1962 484 2033 eclogarum
501 1961 535 2015 de
553 1960 737 2032 legationibus
755 1962 855 2033 operis,
875 1963 928 2017 ista
942 1962 1014 2015 inter
1024 1958 1149 2031 addenda
1166 1965 1196 2013 et
1211 1972 1273 2012 cor·

191 2065 307 2137 rigentia
325 2065 466 2139 proposui,

261 2169 341 2240 Quae
359 2169 456 2224 Suidas
473 2173 590 2226 servavit
606 2187 663 2226 non
681 2172 772 2241 attigit
781 2169 935 2240 bekkeroa3
954 2171 983 2222 in
1000 2167 1044 2223 hio
1064 2183 1174 2241 qnoque
1197 2184 1272 2222 uon·
1303 2154 1308 2161 ’

189 2273 267 2326 nulla
291 2278 404 2327 oorreai.
440 2274 566 2329 Photium
595 2274 678 2340 dedi,
699 2284 762 2329 uta
785 2272 908 2328 bekkero
926 2273 1016 2327 editus
1037 2283 1094 2338 est;
1122 2273 1176 2326 nisi
1196 2269 1272 2343 quod

191 2377 223 2431 in
240 2376 321 2429 rebus
342 2392 411 2448 quae
429 2392 464 2430 ex
485 2378 600 2432 bistoria
618 2377 757 2448 pendent,
774 2379 860 2430 varias
878 2375 982 2433 Labbei
995 2415 1003 2441 ,
1018 2375 1102 2429 semei
1119 2382 1211 2426 autem
1228 2372 1273 2426 vei

190 2479 235 2534 bis
254 2495 327 2532 meas
345 2480 431 2549 ipsius
451 2480 654 2534 emendationes
682 2478 847 2550 receperime
864 2479 962 2549 piures
985 2478 1100 2532 fortasse
1118 2477 1192 2530 locos
1209 2483 1274 2530 ten-

121 2638 125 2644 ,
190 2589 313 2646 taturus,
332 2584 387 2636 nisi
406 2582 474 2636 mihi
493 2591 629 2638 constaret
644 2582 773 2639 Photinm
790 2585 821 2636 in
839 2582 991 2661 scribendis
1008 2579 1166 2635 nominibus
1191 2595 1273 2649 saepe

191 2701 307 2752 errasse3
330 2703 346 2738 a
372 2686 474 2756 quibus
500 2687 664 2757 corrigendis
688 2685 789 2740 editori
813 2685 1008 2741 abstinendum
1034 2691 1082 2740 est
1113 2683 1273 2748 Versiones,

191 2791 266 2844 Porti
284 2805 340 2841 non
357 2805 458 2860 saepe,
476 2788 581 2843 schotti
599 2806 739 2868 nunquam
756 2792 869 2842 correxi.

261 2893 301 2945 Ex
311 2892 469 2960 bisoognitn
483 2895 619 2946 editorum
636 2910 728 2963 opera,
743 2895 789 2948 rix
799 2912 867 2964 opus
877 2903 918 2948 est
930 2895 1075 2965 explicare,
1091 2906 1273 2964 quaeeunque

191 3001 222 3053 in
242 2997 352 3050 scholiis
374 2997 475 3050 criticis
492 2997 590 3050 litteris
609 3001 639 3048 Β.
659 3003 687 3050 et
702 2997 734 3051 N.
753 2997 973 3069 distinguuntur,
991 2996 1195 3050 emendationes
1213 3011 1274 3048 esse

191 3117 263 3173 qnae
282 3099 450 3163 Bekkernm,
468 3116 566 3171 meque
587 3098 707 3152 habeant
724 3106 862 3153 auctores:
894 3090 1053 3153 Classenum
1076 3099 1177 3172 quibua
1202 3097 1273 3150 duae

191 3204 301 3259 litterae
321 3203 360 3256 ct.
380 3200 490 3255 additae
509 3209 580 3255 sunt.
607 3202 749 3274 vulgatam
762 3200 866 3275 (vulg.)
883 3218 942 3256 eam
960 3203 1019 3256 diri
1038 3203 1184 3257 lectionem
1202 3214 1274 3272 quae

194 3306 230 3359 ab
249 3303 449 3359 Hoescheiiana
470 3303 593 3359 editione
622 3322 672 3375 per
690 3309 838 3359 Parisinam
860 3316 943 3379 atque
967 3307 1099 3360 venetum
1125 3311 1275 3375 propagata

192 3417 242 3463 est
277 3409 394 3480 Quoties
416 3407 487 3460 nihii
504 3417 613 3478 praetor
629 3394 701 3463 titud
717 3410 840 3483 vntgnd
858 3412 986 3464 reiectam
1006 3411 1152 3464 lectionem
1169 3406 1274 3460 adscri-

192 3511 283 3575 bitur,
301 3512 355 3564 hoe
372 3512 570 3582 significamus:
588 3513 817 3579 emendationem,
835 3511 1039 3567 siveBekkerus
1055 3529 1113 3565 eam
1132 3529 1148 3564 a
1164 3528 1208 3564 me
1226 3512 1274 3562 in-

190 3617 311 3670 venisset
327 3617 503 3684 propositam,
520 3617 577 3670 sivo
598 3633 655 3669 eam
673 3618 828 3687 concipere,
842 3625 963 3687 ntoaepe
982 3618 1032 3680 tit,
1049 3615 1152 3669 obiitus
1170 3629 1274 3679 essem,

192 3718 231 3771 ita
248 3718 419 3771 manifestum
436 3718 524 3772 videri
545 3727 577 3772 ut
595 3720 631 3772 ab
649 3736 816 3795 unoquoque
836 3736 892 3772 non
904 3718 1050 3774 admodum
1068 3719 1206 3771 incurioso
1225 3727 1274 3773 ant

191 3819 303 3875 indocto
321 3797 577 3877 invenirideberet
613 3822 695 3894 Signa
713 3821 732 3887 †
749 3831 778 3876 et
798 3824 836 3887 ii,
853 3824 968 3893 antiquo
985 3837 1061 3875 more
1079 3822 1206 3886 reducto,
1222 3837 1275 3891 ap·

186 3925 272 3993 ⁴posui
289 3940 345 3994 quo
362 3924 510 3978 indicarem
524 3925 613 3977 loeum
628 3934 794 3996 corruptum,
814 3927 858 3978 eui
873 3924 1008 3978 medendo
1018 3923 1189 3995 probabilem
1207 3939 1274 3978 eon·

190 4028 325 4084 iacturam
344 4027 464 4080 viderem
484 4027 606 4092 nnllam,
624 4045 680 4081 non
697 4026 857 4098 typothetae
876 4028 943 4080 vitio
960 4027 1100 4089 laborare,
1121 4025 1170 4077 sed
1188 4027 1273 4096 piane

190 4131 231 4184 ita
255 4129 289 4184 ab
308 4131 471 4188 iioesebetio
498 4131 602 4195 editum
624 4148 690 4191 eoae.
726 4133 764 4190 ae
792 4140 858 4189 sunt
881 4140 953 4190 certe
976 4133 1055 4207 pinrs
1074 4148 1153 4203 quana
1172 4129 1274 4189 sedem
