2774 5122
232 244 316 344 350
668 269 876 337 nxcnltm

91 431 437 497 Δ.Ο.56τδιολισθαένει
466 427 521 492 καί
547 422 714 493 δυσάλωτοι
744 425 868 514 πέφυκέ
893 443 973 501 πως.
1014 423 1078 488 πάν
1104 421 1162 510 γάρ
1191 423 1316 509 clyster

84 513 336 638 Ιυξὲῐιῑιδὸἓεῑρήγη
358 530 472 603 δοκεῖ.
493 572 503 590 .
526 573 536 591 .
560 572 570 590 .
599 525 659 608 tyni
689 527 725 592 δὲ
752 519 945 608 κατεπλάγην
973 514 1012 587 dv
1032 531 1103 599 ταῖς
1124 528 1317 608 κομψολογί-

227 653 295 710 αις,
318 628 349 692 εί
366 625 412 712 μὴ
432 623 594 708 Ῥωμαῖοι
612 628 678 709 μέν·
692 625 783 708 ὑμεῖς
791 674 802 710 ,
834 624 927 708 ἡμεῖς
955 625 991 687 δὲ
1020 626 1151 708 Πέρσαι
1179 621 1316 707 ἐτυγχά-

197 739 323 810 ‘crum
344 719 440 801 ὄντες.
479 723 525 810 μὴ
546 717 603 790 οόν
623 723 728 790 οἴεσθε
747 722 884 811 περιόδῳ
905 719 1054 807 ῥημάτων
1079 722 1186 807 λήσειν
1207 723 1314 807 ἡμᾶς,

230 824 339 892 ότιοῖοί
362 847 444 902 τινες
473 826 669 901 καθεστῶτες
697 819 787 907 ἥκετε
815 821 994 903 τευξόμενοι
1022 825 1081 885 τοῦ
1108 822 1333 898 σννσισοντος5

230 923 339 1010 ἐπειδη
363 928 399 989 δὲ
419 920 637 1010 προβάλλεσθε
656 919 713 1007 την
733 919 859 1007 εἰρήνην
880 916 984 1006 ιδσπερ
1007 922 1242 1005 παραπέτασμα
1261 925 1317 1006 τῆς

230 1028 372 1106 δειλίας,
394 1022 448 1088 καί
467 1019 566 1109 ταότη
588 1018 623 1087 τό
648 1017 871 1108 φανερώτατον
889 1024 946 1108 τῆς
965 1013 1096 1102 άτιμίας
1123 1017 1316 1099 ἐπισκιάζειν

229 1123 357 1205 οἴεσθε,
378 1126 505 1209 βραχέα
529 1124 757 1206 διαλεχθείην·
779 1123 821 1184 ον’
838 1118 898 1206 γάρ
928 1117 1066 1206 σόνηθες
1085 1120 1181 1205 α’νδρί
1200 1122 1314 1208 Πέρση

224 1225 445 1311 περιττολοηιηι
474 1223 622 1301 διεξιέναι
649 1223 713 1288 τοῖν
731 1220 924 1304 πραγμάτων
943 1217 983 1284 τά
1005 1221 1127 1305 ιιαίρια.
1166 1217 1314 1306 Χοσρόης

224 1321 248 1385 ό
269 1320 393 1386 πάντων
414 1317 611 1406 άνθράπιον,
640 1321 727 1406 εἴπερ
747 1315 918 1402 dorileense,
950 1309 1121 1402 βασιλεῦς,
1152 1313 1229 1383 οὔτε
1259 1318 1349 1405 τηνιο

229 1418 421 1504 Ἀντιοχείας
442 1416 561 1485 άλοοσιν
582 1415 824 1503 ἐγκαλλιόπισμά
844 1443 877 1483 τι
891 1420 947 1483 καί
963 1414 1119 1503 ἐγκώμιον
1137 1413 1241 1507 ἓαντη]
1262 1443 1316 1483 ιιι·

228 1519 400 1606 ριτίθησιν.
440 1522 472 1584 εἰ
488 1517 550 1604 γάρ
572 1522 628 1584 καί
647 1517 782 1607 φοβερόν
802 1517 882 1601 δμῑν
901 1520 960 1584 καί
978 1520 1213 1601 ἑργοοδέστατον
1234 1513 1314 1585 εἶναι

230 1623 317 1684 δοκεῖ
347 1619 382 1684 τό
414 1623 491 1707 παρ’
520 1615 611 1703 ἡμῶν
630 1622 794 1706 πραχθέν,
828 1614 915 1700 όμονς
934 1618 1025 1703 ἡμεῖς
1044 1614 1202 1703 πάρεργον
1220 1615 1314 1704 ἡγεό-

233 1723 321 1801 μεθα
340 1716 397 1784 τόν
418 1717 582 1784 δντιναοῦν
600 1722 664 1784 τάν
683 1716 840 1800 πολεμίων
859 1720 961 1805 νικᾷν.
992 1718 1234 1799 πεπαιδεύμεθα
1253 1714 1312 1803 γάρ

227 1819 367 1904 ἀκριβῶς
386 1818 420 1884 τό
440 1828 583 1903 κρατεῖν,
603 1814 743 1883 καθόσον
763 1816 804 1884 τά
825 1815 919 1882 λοιπά
952 1820 1015 1883 τάν
1042 1812 1223 1906 άνθροόποιν
1242 1820 1345 1902 γένηιό

197 1921 420 2003 ὓιιρατεῖσθαι
446 1914 671 2002 μεμαθήκασιν
697 1917 756 2004 ὑφ’
776 1915 878 2000 ἡμῶν.
922 1910 996 1981 οὔτε
1016 1914 1081 2000 μὴν
1101 1913 1214 2002 ἑτέρας
1229 1915 1313 1982 Ῥοι-

224 2019 343 2102 μαϊκῆς
369 2013 485 2093 πόλεως
513 2013 716 2102 καταστροφη
740 2012 826 2101 πρός
855 2007 949 2099 όγκον
977 2011 1061 2099 ἡμᾶς
1082 2018 1202 2101 ἐξαίρει
1222 2015 1311 2080 ποτέ·

224 2114 260 2182 τό
282 2113 343 2201 γάρ
364 2116 611 2203 προχειρότατον
625 2116 700 2200 ἡμῖν
719 2115 758 2180 οδ
774 2113 971 2197 θαυμαστόν.
992 2117 1048 2179 καί
1062 2117 1240 2197 ταῦταμὲν
1255 2114 1310 2199 α’ρι

224 2216 310 2280 κέσει
329 2215 411 2302 πρὸς
431 2212 559 2299 ἔλεγχον
577 2218 633 2298 τῆς
647 2214 753 2300 μάτην
772 2212 1008 2300 άπερίριμμίνης
1027 2219 1104 2300 παρ’
1123 2213 1215 2296 όμοόν
1237 2214 1309 2278 άδο·

225 2312 363 2396 λεσχάες.
399 2314 552 2395 Ῥωμαῖοι
577 2316 613 2379 δὲ
634 2311 670 2379 τό
692 2311 829 2398 σόνηθες
847 2313 1038 2398 πράττουσι,
1067 2317 1143 2401 περί
1169 2314 1338 2380 σπονδάνεο

225 2409 373 2500 πρότεροι
395 2409 610 2498 διαλεγόμενοι
630 2415 787 2500 Πέρσαις.
827 2413 1008 2500 ἡσσηθῆναι
1028 2411 1109 2500 πρός
1129 2412 1218 2500 ἡμῶν
1231 2437 1307 2479 νενι·

294 2582 318 2620 τι.
345 2566 431 2620 Deest
456 2565 567 2618 initium
591 2567 724 2619 orationis
748 2567 773 2618 le
791 2566 831 2617 ati
857 2567 1003 2620 Persarum.
1075 2569 1099 2621 3.
1129 2564 1308 2637 τυγχάνομεν

294 2637 373 2726 vulg.t
421 2638 446 2691 5.
464 2635 630 2761 τευξδηηενοι
647 2638 680 2692 Η.
691 2673 700 2704 ,
718 2584 870 2710 εδξδμενοι
888 2639 958 2709 vulg.
1024 2654 1064 2709 ¹9·
1091 2638 1150 2712 τῆς]
1170 2640 1222 2690 sori
1240 2637 1307 2708 vulp

294 2727 336 2763 ar.
357 2710 526 2774 ησσηθίνιες
568 2745 576 2760 .

223 2827 370 2891 advolant,
397 2827 499 2899 optima
517 2828 680 2902 diffugiunt,
710 2834 740 2882 et
757 2845 816 2882 sese
834 2824 949 2880 anobis
973 2826 1153 2892 subtrahunt;
1180 2833 1305 2900 tanquan

223 2908 318 2952 natura
347 2902 386 2951 ita
413 2907 568 2969 comparata
593 2901 667 2964 sint,
699 2907 732 2951 ut
756 2903 802 2952 rix
830 2898 1001 2967 apprehendi
1026 2907 1055 2951 et
1079 2899 1168 2951 teneri
1194 2900 1307 2969 possint,

223 2970 276 3021 Pax
295 2971 368 3021 enim
391 2987 424 3022 ex
442 2972 515 3023 omni
535 2978 613 3040 parte
631 2971 741 3024 bonum,
754 2980 880 3023 censetur
881 3004 1007 3023 .....
1043 2971 1099 3038 Ego
1124 2971 1240 3041 quidem
1261 2985 1305 3020 ve·

224 3042 288 3092 stris
306 3041 449 3092 verborum
468 3043 623 3112 praestigiis
648 3056 785 3104 moverer,
817 3040 871 3093 nisi
889 3056 936 3094 τοι
955 3041 1082 3100 Romani,
1101 3049 1129 3092 et
1145 3056 1195 3093 nos
1213 3040 1306 3094 Peme

223 3126 352 3161 essemus.
387 3112 483 3182 ltaque
501 3129 536 3165 ne
556 3112 716 3165 existimetis
734 3120 835 3164 vestras
854 3113 986 3163 orationis
1007 3111 1133 3181 ambages
1159 3128 1209 3163 nos
1234 3112 1306 3163 cela-

223 3187 313 3243 turas,
332 3197 377 3231 vos
395 3189 498 3233 vestrae
518 3183 647 3235 utilitatis
664 3199 745 3234 cause
763 3183 817 3234 huo
839 3183 954 3233 venisse·
996 3180 1235 3249 Quemadmodum
1258 3198 1304 3232 au-

222 3257 279 3301 tem
297 3267 347 3320 per
364 3265 471 3322 pacem,
493 3270 574 3322 quarn
592 3254 761 3323 proponitis,
790 3252 908 3305 colorem
925 3251 1068 3303 timiditati
1093 3260 1200 3305 vestrae
1224 3265 1305 3322 quse·

222 3320 305 3380 ratis,
329 3320 415 3375 etita
432 3330 552 3375 vestrum
570 3322 703 3387 dedecus,
728 3323 803 3395 quod
829 3323 894 3376 ratis
919 3322 1043 3393 undique
1068 3329 1145 3391 patet
1168 3329 1198 3374 et
1220 3321 1305 3374 maai·

223 3389 324 3442 festum
343 3401 403 3455 est,
420 3394 476 3462 tegi
494 3409 573 3463 posse
592 3395 712 3463 putetis,
730 3394 824 3463 paucis
843 3392 993 3446 ostendam.
1038 3394 1149 3445 Etenim
1166 3394 1225 3446 viro
1247 3394 1305 3447 Per-

222 3477 269 3512 sae
287 3462 408 3515 insolens
428 3472 487 3525 est,
510 3465 653 3534 superfluis
673 3464 821 3518 verborum
845 3464 1003 3534 ambagibus
1031 3471 1107 3516 extre
1134 3466 1304 3534 propositum

222 3531 315 3603 egredi
335 3543 364 3588 et
382 3550 531 3586 excurrere.
569 3532 703 3589 Chosroes
720 3535 841 3588 omnium
859 3533 1012 3597 hominnm,
1030 3535 1053 3586 si
1071 3534 1115 3586 illi
1134 3535 1233 3596 lubet,
1251 3549 1304 3595 res,

244 3600 298 3654 uod
315 3603 487 3656 Antiochiam
506 3608 626 3675 ceperit,
649 3604 728 3659 haud
745 3605 775 3657 id
792 3604 846 3657 sibi
864 3614 1026 3657 ornamento
1045 3611 1073 3655 ct
1097 3605 1174 3657 laudi
1198 3604 1302 3658 tribuit.

221 3620 275 3726 δατ
289 3675 401 3745 quidem
412 3674 486 3746 quod
497 3678 636 3747 gessimus,
647 3693 774 3748 magnum
792 3675 910 3746 aliquid,
929 3683 958 3729 et
976 3673 1051 3747 quod
1068 3676 1155 3727 nostri
1175 3684 1303 3727 terrorem

220 3744 326 3814 pariat,
345 3747 521 3809 existimatis,
539 3765 589 3801 nos
610 3763 675 3801 vero
692 3765 748 3800 uon
766 3748 840 3800 item.
876 3746 938 3798 Non
957 3747 1031 3798 cuins
1049 3761 1106 3797 rem
1124 3762 1227 3816 operae
1243 3762 1303 3831 pre-

220 3816 256 3867 tii
275 3814 414 3879 ducimus,
433 3817 456 3867 εἰ
478 3818 704 3890 qualemcumque
721 3817 826 3871 hostem
846 3816 1031 3870 devicerlmne.
1072 3817 1181 3868 Etenim
1207 3815 1303 3869 exenio

219 3885 328 3938 vincere
348 3887 508 3950 didicimus,
526 3893 589 3941 cnm*
606 3890 656 3942 reli
678 3906 743 3942 uum
762 3887 904 3941 hominum
922 3904 1006 3957 genus
1024 3903 1039 3937 a
1057 3887 1138 3940 nobie
1164 3888 1236 3940 vinci
1260 3887 1302 3940 di·

220 3954 327 4009 dicerit.
363 3956 460 4030 Neque
477 3960 589 4012 alterius
608 3978 642 4014 ex
659 3904 787 4013 iomanis
806 3957 922 4012 urbibus
941 3959 1170 4026 expugnationes
1184 3972 1304 4030 unquam

219 4024 378 4080 adultiores
392 4030 506 4099 spiritus
522 4032 610 4083 tollet
647 4029 705 4083 tloe
720 4032 796 4082 enint
807 4032 837 4083 in
854 4027 935 4089 nobis
949 4029 1183 4091 ninimirum,
1201 4031 1302 4102 quippo

220 4094 434 4164 quodusitstuns
452 4108 481 4151 et
499 4105 665 4171 inpromptu
677 4109 727 4153 est.
745 4101 836 4171 Atque
852 4100 905 4153 lroc
920 4099 1037 4152 sufficiat
1056 4099 1093 4155 sd
1109 4097 1302 4170 reprehensio·

219 4176 434 4238 nemnugarunr,
446 4170 621 4243 quas-trustra
631 4169 774 4226 effudistis.
793 4171 990 4235 Romenivero,
1006 4169 1084 4243 quod
1094 4173 1301 4231 oonsnevemis

152 4653 300 4777 ce
